market_ticker,market_type,game_id,away_team,home_team,first_snapshot_time,last_snapshot_time,snapshot_count,avg_seconds_between_snapshots,max_seconds_between_snapshots,unique_mid_count,mid_min,mid_max,mid_range,total_abs_mid_movement,largest_single_move,stale_minutes_total,longest_stale_period_minutes,moved_after_score_event,moved_after_inning_end,moved_after_lead_change,market_liveness_label
KXMLBF5SPREAD-26JUN152210TBLAD-TB2,f5_spread,TB@LAD,TB,LAD,2026-06-15T16:52:33.564746+00:00,2026-06-16T04:32:47.419478+00:00,161,262.6,3583.9,2,22,23,1,1,1,697.11,469.08,False,False,False,stale
KXMLBF5SPREAD-26JUN152210TBLAD-LAD2,f5_spread,TB@LAD,TB,LAD,2026-06-15T16:52:33.564746+00:00,2026-06-16T04:32:47.419478+00:00,161,262.6,3583.9,3,37,39,2,3,2,692.17,241.0,False,False,False,stale
KXMLBF5SPREAD-26JUN152210TBLAD-TB3,f5_spread,TB@LAD,TB,LAD,2026-06-15T16:52:33.564746+00:00,2026-06-16T04:32:47.419478+00:00,161,262.6,3583.9,1,14,14,0,0,0,700.23,700.23,False,False,False,stale
KXMLBF5SPREAD-26JUN152210TBLAD-LAD3,f5_spread,TB@LAD,TB,LAD,2026-06-15T16:52:33.564746+00:00,2026-06-16T04:32:47.419478+00:00,161,262.6,3583.9,2,26,27,1,2,1,692.17,241.0,False,False,False,stale
KXMLBF5SPREAD-26JUN152140PITATH-PIT3,f5_spread,PIT@ATH,PIT,ATH,2026-06-15T16:52:33.564746+00:00,2026-06-16T04:32:47.419478+00:00,161,262.6,3583.9,2,19,20,1,2,1,692.99,454.29,False,False,False,stale
KXMLBF5SPREAD-26JUN152140PITATH-ATH2,f5_spread,PIT@ATH,PIT,ATH,2026-06-15T16:52:33.564746+00:00,2026-06-16T04:32:47.419478+00:00,161,262.6,3583.9,2,33,34,1,1,1,695.29,454.29,False,False,False,stale
KXMLBF5SPREAD-26JUN152140PITATH-PIT2,f5_spread,PIT@ATH,PIT,ATH,2026-06-15T16:52:33.564746+00:00,2026-06-16T04:32:47.419478+00:00,161,262.6,3583.9,2,29,30,1,1,1,695.29,454.29,False,False,False,stale
KXMLBF5SPREAD-26JUN152140PITATH-ATH3,f5_spread,PIT@ATH,PIT,ATH,2026-06-15T16:52:33.564746+00:00,2026-06-16T04:32:47.419478+00:00,161,262.6,3583.9,2,22,23,1,1,1,697.11,469.08,False,False,False,stale
KXMLBF5SPREAD-26JUN152140LAAAZ-LAA2,f5_spread,LAA@AZ,LAA,AZ,2026-06-15T16:52:33.564746+00:00,2026-06-16T04:32:47.419478+00:00,161,262.6,3583.9,2,27,28,1,1,1,695.29,454.29,False,False,False,stale
KXMLBF5SPREAD-26JUN152140LAAAZ-LAA3,f5_spread,LAA@AZ,LAA,AZ,2026-06-15T16:52:33.564746+00:00,2026-06-16T04:32:47.419478+00:00,161,262.6,3583.9,2,16,17,1,1,1,695.29,454.29,False,False,False,stale
KXMLBF5SPREAD-26JUN152140LAAAZ-AZ2,f5_spread,LAA@AZ,LAA,AZ,2026-06-15T16:52:33.564746+00:00,2026-06-16T04:32:47.419478+00:00,161,262.6,3583.9,2,31,32,1,1,1,697.11,469.08,False,False,False,stale
KXMLBF5SPREAD-26JUN152140LAAAZ-AZ3,f5_spread,LAA@AZ,LAA,AZ,2026-06-15T16:52:33.564746+00:00,2026-06-16T04:32:47.419478+00:00,161,262.6,3583.9,2,21,22,1,1,1,695.29,454.29,False,False,False,stale
KXMLBF5SPREAD-26JUN152010DETHOU-HOU3,f5_spread,DET@HOU,DET,HOU,2026-06-15T16:52:33.564746+00:00,2026-06-16T04:32:47.419478+00:00,161,262.6,3583.9,3,14,21,7,7,6,489.93,228.04,True,True,False,live_responsive
KXMLBF5SPREAD-26JUN152010DETHOU-DET3,f5_spread,DET@HOU,DET,HOU,2026-06-15T16:52:33.564746+00:00,2026-06-16T04:32:47.419478+00:00,161,262.6,3583.9,3,17,80,63,63,55,692.99,454.29,True,True,False,live_responsive
KXMLBF5SPREAD-26JUN152010DETHOU-DET2,f5_spread,DET@HOU,DET,HOU,2026-06-15T16:52:33.564746+00:00,2026-06-16T04:32:47.419478+00:00,161,262.6,3583.9,3,28,90,62,62,52,692.99,454.29,True,True,False,live_responsive
KXMLBF5SPREAD-26JUN152010DETHOU-HOU2,f5_spread,DET@HOU,DET,HOU,2026-06-15T16:52:33.564746+00:00,2026-06-16T04:32:47.419478+00:00,161,262.6,3583.9,3,2,31,29,29,20,692.99,454.29,True,True,False,live_responsive
KXMLBF5SPREAD-26JUN152005MINTEX-TEX2,f5_spread,MIN@TEX,MIN,TEX,2026-06-15T16:52:33.564746+00:00,2026-06-16T04:32:47.419478+00:00,161,262.6,3583.9,3,9,36,27,39,27,692.99,454.29,False,True,False,live_responsive
KXMLBF5SPREAD-26JUN152005MINTEX-MIN3,f5_spread,MIN@TEX,MIN,TEX,2026-06-15T16:52:33.564746+00:00,2026-06-16T04:32:47.419478+00:00,161,262.6,3583.9,3,10,53,43,85,43,692.99,454.29,False,True,False,live_responsive
KXMLBF5SPREAD-26JUN152005MINTEX-MIN2,f5_spread,MIN@TEX,MIN,TEX,2026-06-15T16:52:33.564746+00:00,2026-06-16T04:32:47.419478+00:00,161,262.6,3583.9,4,20,69,49,81,48,689.87,228.04,False,True,False,live_responsive
KXMLBF5SPREAD-26JUN152005MINTEX-TEX3,f5_spread,MIN@TEX,MIN,TEX,2026-06-15T16:52:33.564746+00:00,2026-06-16T04:32:47.419478+00:00,161,262.6,3583.9,4,2,25,23,23,18,689.87,228.04,False,True,False,live_responsive
KXMLBF5SPREAD-26JUN152005COLCHC-COL2,f5_spread,COL@CHC,COL,CHC,2026-06-15T16:52:33.564746+00:00,2026-06-16T04:32:47.419478+00:00,161,262.6,3583.9,4,9,27,18,29,18,689.87,228.04,False,True,False,live_responsive
KXMLBF5SPREAD-26JUN152005COLCHC-CHC3,f5_spread,COL@CHC,COL,CHC,2026-06-15T16:52:33.564746+00:00,2026-06-16T04:32:47.419478+00:00,161,262.6,3583.9,3,30,40,10,19,9,689.87,228.04,False,True,False,live_responsive
KXMLBF5SPREAD-26JUN152005COLCHC-CHC2,f5_spread,COL@CHC,COL,CHC,2026-06-15T16:52:33.564746+00:00,2026-06-16T04:32:47.419478+00:00,161,262.6,3583.9,4,36,55,19,32,19,689.87,228.04,False,True,False,live_responsive
KXMLBF5SPREAD-26JUN152005COLCHC-COL3,f5_spread,COL@CHC,COL,CHC,2026-06-15T16:52:33.564746+00:00,2026-06-16T04:32:47.419478+00:00,161,262.6,3583.9,3,2,11,9,9,6,692.99,454.29,False,True,False,live_responsive
KXMLBF5SPREAD-26JUN151945SDSTL-SD2,f5_spread,SD@STL,SD,STL,2026-06-15T16:52:33.564746+00:00,2026-06-16T04:32:47.419478+00:00,161,262.6,3583.9,2,8,22,14,14,14,695.29,454.29,False,True,False,stale
KXMLBF5SPREAD-26JUN151945SDSTL-SD3,f5_spread,SD@STL,SD,STL,2026-06-15T16:52:33.564746+00:00,2026-06-16T04:32:47.419478+00:00,161,262.6,3583.9,3,6,13,7,8,7,692.17,241.0,False,True,False,live_responsive
KXMLBF5SPREAD-26JUN151945SDSTL-STL3,f5_spread,SD@STL,SD,STL,2026-06-15T16:52:33.564746+00:00,2026-06-16T04:32:47.419478+00:00,161,262.6,3583.9,2,13,25,12,12,12,695.29,454.29,False,True,False,stale
KXMLBF5SPREAD-26JUN151945SDSTL-STL2,f5_spread,SD@STL,SD,STL,2026-06-15T16:52:33.564746+00:00,2026-06-16T04:32:47.419478+00:00,161,262.6,3583.9,3,25,37,12,13,12,692.17,241.0,False,True,False,live_responsive
KXMLBF5SPREAD-26JUN151910NYMCIN-NYM2,f5_spread,NYM@CIN,NYM,CIN,2026-06-15T16:52:33.564746+00:00,2026-06-16T04:32:47.419478+00:00,161,262.6,3583.9,2,21,22,1,1,1,451.18,228.04,False,False,False,stale
KXMLBF5SPREAD-26JUN151910NYMCIN-NYM3,f5_spread,NYM@CIN,NYM,CIN,2026-06-15T16:52:33.564746+00:00,2026-06-16T04:32:47.419478+00:00,161,262.6,3583.9,1,12,12,0,0,0,454.29,454.29,False,False,False,stale
KXMLBF5SPREAD-26JUN151910NYMCIN-CIN2,f5_spread,NYM@CIN,NYM,CIN,2026-06-15T16:52:33.564746+00:00,2026-06-16T04:32:47.419478+00:00,161,262.6,3583.9,2,34,88,54,54,54,695.29,454.29,False,False,False,stale
KXMLBF5SPREAD-26JUN151910NYMCIN-CIN3,f5_spread,NYM@CIN,NYM,CIN,2026-06-15T16:52:33.564746+00:00,2026-06-16T04:32:47.419478+00:00,161,262.6,3583.9,2,22,96,74,74,74,695.29,454.29,False,False,False,stale
KXMLBF5SPREAD-26JUN151840MIAPHI-MIA3,f5_spread,MIA@PHI,MIA,PHI,2026-06-15T16:52:33.564746+00:00,2026-06-16T04:32:47.419478+00:00,161,262.6,3583.9,1,9,9,0,0,0,700.23,700.23,False,False,False,stale
KXMLBF5SPREAD-26JUN151840MIAPHI-PHI3,f5_spread,MIA@PHI,MIA,PHI,2026-06-15T16:52:33.564746+00:00,2026-06-16T04:32:47.419478+00:00,161,262.6,3583.9,1,27,27,0,0,0,700.23,700.23,False,False,False,stale
KXMLBF5SPREAD-26JUN151840MIAPHI-PHI2,f5_spread,MIA@PHI,MIA,PHI,2026-06-15T16:52:33.564746+00:00,2026-06-16T04:32:47.419478+00:00,161,262.6,3583.9,1,39,39,0,0,0,700.23,700.23,False,False,False,stale
KXMLBF5SPREAD-26JUN151840MIAPHI-MIA2,f5_spread,MIA@PHI,MIA,PHI,2026-06-15T16:52:33.564746+00:00,2026-06-16T04:32:47.419478+00:00,161,262.6,3583.9,1,17,17,0,0,0,700.23,700.23,False,False,False,stale
KXMLBF5TOTAL-26JUN152210TBLAD-3,f5_total,TB@LAD,TB,LAD,2026-06-15T16:52:33.564746+00:00,2026-06-16T04:32:47.419478+00:00,161,262.6,3583.9,1,83,83,0,0,0,700.23,700.23,False,False,False,stale
KXMLBF5TOTAL-26JUN152210TBLAD-4,f5_total,TB@LAD,TB,LAD,2026-06-15T16:52:33.564746+00:00,2026-06-16T04:32:47.419478+00:00,161,262.6,3583.9,1,71,71,0,0,0,700.23,700.23,False,False,False,stale
KXMLBF5TOTAL-26JUN152210TBLAD-2,f5_total,TB@LAD,TB,LAD,2026-06-15T16:52:33.564746+00:00,2026-06-16T04:32:47.419478+00:00,161,262.6,3583.9,2,90,91,1,2,1,692.99,454.29,False,False,False,stale
KXMLBF5TOTAL-26JUN152210TBLAD-1,f5_total,TB@LAD,TB,LAD,2026-06-15T16:52:33.564746+00:00,2026-06-16T04:32:47.419478+00:00,161,262.6,3583.9,1,97,97,0,0,0,700.23,700.23,False,False,False,stale
KXMLBF5TOTAL-26JUN152210TBLAD-6,f5_total,TB@LAD,TB,LAD,2026-06-15T16:52:33.564746+00:00,2026-06-16T04:32:47.419478+00:00,161,262.6,3583.9,1,46,46,0,0,0,700.23,700.23,False,False,False,stale
KXMLBF5TOTAL-26JUN152210TBLAD-5,f5_total,TB@LAD,TB,LAD,2026-06-15T16:52:33.564746+00:00,2026-06-16T04:32:47.419478+00:00,161,262.6,3583.9,1,58,58,0,0,0,700.23,700.23,False,False,False,stale
KXMLBF5TOTAL-26JUN152210TBLAD-7,f5_total,TB@LAD,TB,LAD,2026-06-15T16:52:33.564746+00:00,2026-06-16T04:32:47.419478+00:00,161,262.6,3583.9,1,35,35,0,0,0,700.23,700.23,False,False,False,stale
KXMLBF5TOTAL-26JUN152140PITATH-6,f5_total,PIT@ATH,PIT,ATH,2026-06-15T16:52:33.564746+00:00,2026-06-16T04:32:47.419478+00:00,161,262.6,3583.9,1,51,51,0,0,0,700.23,700.23,False,False,False,stale
KXMLBF5TOTAL-26JUN152140PITATH-4,f5_total,PIT@ATH,PIT,ATH,2026-06-15T16:52:33.564746+00:00,2026-06-16T04:32:47.419478+00:00,161,262.6,3583.9,1,74,74,0,0,0,700.23,700.23,False,False,False,stale
KXMLBF5TOTAL-26JUN152140PITATH-5,f5_total,PIT@ATH,PIT,ATH,2026-06-15T16:52:33.564746+00:00,2026-06-16T04:32:47.419478+00:00,161,262.6,3583.9,2,63,64,1,1,1,697.11,469.08,False,False,False,stale
KXMLBF5TOTAL-26JUN152140PITATH-3,f5_total,PIT@ATH,PIT,ATH,2026-06-15T16:52:33.564746+00:00,2026-06-16T04:32:47.419478+00:00,161,262.6,3583.9,2,84,85,1,1,1,697.11,469.08,False,False,False,stale
KXMLBF5TOTAL-26JUN152140PITATH-2,f5_total,PIT@ATH,PIT,ATH,2026-06-15T16:52:33.564746+00:00,2026-06-16T04:32:47.419478+00:00,161,262.6,3583.9,1,92,92,0,0,0,700.23,700.23,False,False,False,stale
KXMLBF5TOTAL-26JUN152140PITATH-1,f5_total,PIT@ATH,PIT,ATH,2026-06-15T16:52:33.564746+00:00,2026-06-16T04:32:47.419478+00:00,161,262.6,3583.9,3,95,97,2,2,1,692.17,241.0,False,False,False,stale
KXMLBF5TOTAL-26JUN152140PITATH-7,f5_total,PIT@ATH,PIT,ATH,2026-06-15T16:52:33.564746+00:00,2026-06-16T04:32:47.419478+00:00,161,262.6,3583.9,1,40,40,0,0,0,700.23,700.23,False,False,False,stale
KXMLBF5TOTAL-26JUN152140LAAAZ-6,f5_total,LAA@AZ,LAA,AZ,2026-06-15T16:52:33.564746+00:00,2026-06-16T04:32:47.419478+00:00,161,262.6,3583.9,2,41,42,1,1,1,697.11,469.08,False,False,False,stale
KXMLBF5TOTAL-26JUN152140LAAAZ-5,f5_total,LAA@AZ,LAA,AZ,2026-06-15T16:52:33.564746+00:00,2026-06-16T04:32:47.419478+00:00,161,262.6,3583.9,2,53,54,1,1,1,697.93,497.99,False,False,False,stale
KXMLBF5TOTAL-26JUN152140LAAAZ-3,f5_total,LAA@AZ,LAA,AZ,2026-06-15T16:52:33.564746+00:00,2026-06-16T04:32:47.419478+00:00,161,262.6,3583.9,1,79,79,0,0,0,700.23,700.23,False,False,False,stale
KXMLBF5TOTAL-26JUN152140LAAAZ-2,f5_total,LAA@AZ,LAA,AZ,2026-06-15T16:52:33.564746+00:00,2026-06-16T04:32:47.419478+00:00,161,262.6,3583.9,2,89,90,1,2,1,692.17,241.0,False,False,False,stale
KXMLBF5TOTAL-26JUN152140LAAAZ-7,f5_total,LAA@AZ,LAA,AZ,2026-06-15T16:52:33.564746+00:00,2026-06-16T04:32:47.419478+00:00,161,262.6,3583.9,3,30,32,2,2,1,692.17,241.0,False,False,False,stale
KXMLBF5TOTAL-26JUN152140LAAAZ-1,f5_total,LAA@AZ,LAA,AZ,2026-06-15T16:52:33.564746+00:00,2026-06-16T04:32:47.419478+00:00,161,262.6,3583.9,2,95,96,1,1,1,697.11,469.08,False,False,False,stale
KXMLBF5TOTAL-26JUN152140LAAAZ-4,f5_total,LAA@AZ,LAA,AZ,2026-06-15T16:52:33.564746+00:00,2026-06-16T04:32:47.419478+00:00,161,262.6,3583.9,1,66,66,0,0,0,700.23,700.23,False,False,False,stale
KXMLBF5TOTAL-26JUN152010DETHOU-3,f5_total,DET@HOU,DET,HOU,2026-06-15T16:52:33.564746+00:00,2026-06-16T04:32:47.419478+00:00,161,262.6,3583.9,4,78,99,21,21,15,689.87,228.04,True,True,False,live_responsive
KXMLBF5TOTAL-26JUN152010DETHOU-5,f5_total,DET@HOU,DET,HOU,2026-06-15T16:52:33.564746+00:00,2026-06-16T04:32:47.419478+00:00,161,262.6,3583.9,3,52,99,47,47,43,692.99,454.29,True,True,False,live_responsive
KXMLBF5TOTAL-26JUN152010DETHOU-1,f5_total,DET@HOU,DET,HOU,2026-06-15T16:52:33.564746+00:00,2026-06-16T04:32:47.419478+00:00,161,262.6,3583.9,3,95,99,4,4,3,692.17,241.0,True,True,False,live_responsive
KXMLBF5TOTAL-26JUN152010DETHOU-6,f5_total,DET@HOU,DET,HOU,2026-06-15T16:52:33.564746+00:00,2026-06-16T04:32:47.419478+00:00,161,262.6,3583.9,3,41,79,38,38,37,692.99,454.29,True,True,False,live_responsive
KXMLBF5TOTAL-26JUN152010DETHOU-4,f5_total,DET@HOU,DET,HOU,2026-06-15T16:52:33.564746+00:00,2026-06-16T04:32:47.419478+00:00,161,262.6,3583.9,4,65,99,34,34,29,689.87,228.04,True,True,False,live_responsive
KXMLBF5TOTAL-26JUN152010DETHOU-7,f5_total,DET@HOU,DET,HOU,2026-06-15T16:52:33.564746+00:00,2026-06-16T04:32:47.419478+00:00,161,262.6,3583.9,3,30,67,37,37,36,692.99,454.29,True,True,False,live_responsive
KXMLBF5TOTAL-26JUN152010DETHOU-2,f5_total,DET@HOU,DET,HOU,2026-06-15T16:52:33.564746+00:00,2026-06-16T04:32:47.419478+00:00,161,262.6,3583.9,3,88,99,11,11,10,692.99,454.29,True,True,False,live_responsive
KXMLBF5TOTAL-26JUN152005MINTEX-3,f5_total,MIN@TEX,MIN,TEX,2026-06-15T16:52:33.564746+00:00,2026-06-16T04:32:47.419478+00:00,161,262.6,3583.9,2,74,99,25,25,25,695.29,454.29,False,True,False,stale
KXMLBF5TOTAL-26JUN152005MINTEX-6,f5_total,MIN@TEX,MIN,TEX,2026-06-15T16:52:33.564746+00:00,2026-06-16T04:32:47.419478+00:00,161,262.6,3583.9,3,35,63,28,50,28,692.99,454.29,False,True,False,live_responsive
KXMLBF5TOTAL-26JUN152005MINTEX-7,f5_total,MIN@TEX,MIN,TEX,2026-06-15T16:52:33.564746+00:00,2026-06-16T04:32:47.419478+00:00,161,262.6,3583.9,3,25,48,23,42,23,692.99,454.29,False,True,False,live_responsive
KXMLBF5TOTAL-26JUN152005MINTEX-4,f5_total,MIN@TEX,MIN,TEX,2026-06-15T16:52:33.564746+00:00,2026-06-16T04:32:47.419478+00:00,161,262.6,3583.9,3,61,99,38,38,30,692.99,454.29,False,True,False,live_responsive
KXMLBF5TOTAL-26JUN152005MINTEX-1,f5_total,MIN@TEX,MIN,TEX,2026-06-15T16:52:33.564746+00:00,2026-06-16T04:32:47.419478+00:00,161,262.6,3583.9,2,93,99,6,6,6,695.29,454.29,False,True,False,stale
KXMLBF5TOTAL-26JUN152005MINTEX-5,f5_total,MIN@TEX,MIN,TEX,2026-06-15T16:52:33.564746+00:00,2026-06-16T04:32:47.419478+00:00,161,262.6,3583.9,3,47,99,52,52,31,692.99,454.29,False,True,False,live_responsive
KXMLBF5TOTAL-26JUN152005MINTEX-2,f5_total,MIN@TEX,MIN,TEX,2026-06-15T16:52:33.564746+00:00,2026-06-16T04:32:47.419478+00:00,161,262.6,3583.9,2,86,99,13,13,13,695.29,454.29,False,True,False,stale
KXMLBF5TOTAL-26JUN152005COLCHC-7,f5_total,COL@CHC,COL,CHC,2026-06-15T16:52:33.564746+00:00,2026-06-16T04:32:47.419478+00:00,161,262.6,3583.9,3,5,35,30,30,23,692.99,454.29,False,True,False,live_responsive
KXMLBF5TOTAL-26JUN152005COLCHC-5,f5_total,COL@CHC,COL,CHC,2026-06-15T16:52:33.564746+00:00,2026-06-16T04:32:47.419478+00:00,161,262.6,3583.9,3,11,58,47,47,41,692.99,454.29,False,True,False,live_responsive
KXMLBF5TOTAL-26JUN152005COLCHC-4,f5_total,COL@CHC,COL,CHC,2026-06-15T16:52:33.564746+00:00,2026-06-16T04:32:47.419478+00:00,161,262.6,3583.9,4,22,71,49,50,45,689.87,228.04,False,True,False,live_responsive
KXMLBF5TOTAL-26JUN152005COLCHC-2,f5_total,COL@CHC,COL,CHC,2026-06-15T16:52:33.564746+00:00,2026-06-16T04:32:47.419478+00:00,161,262.6,3583.9,4,58,91,33,35,33,689.87,228.04,False,True,False,live_responsive
KXMLBF5TOTAL-26JUN152005COLCHC-3,f5_total,COL@CHC,COL,CHC,2026-06-15T16:52:33.564746+00:00,2026-06-16T04:32:47.419478+00:00,161,262.6,3583.9,3,33,81,48,49,48,692.99,454.29,False,True,False,live_responsive
KXMLBF5TOTAL-26JUN152005COLCHC-1,f5_total,COL@CHC,COL,CHC,2026-06-15T16:52:33.564746+00:00,2026-06-16T04:32:47.419478+00:00,161,262.6,3583.9,2,95,99,4,4,4,695.29,454.29,False,True,False,stale
KXMLBF5TOTAL-26JUN152005COLCHC-6,f5_total,COL@CHC,COL,CHC,2026-06-15T16:52:33.564746+00:00,2026-06-16T04:32:47.419478+00:00,161,262.6,3583.9,4,6,46,40,41,36,689.87,228.04,False,True,False,live_responsive
KXMLBF5TOTAL-26JUN151945SDSTL-3,f5_total,SD@STL,SD,STL,2026-06-15T16:52:33.564746+00:00,2026-06-16T04:32:47.419478+00:00,161,262.6,3583.9,2,22,78,56,56,56,695.29,454.29,False,True,False,stale
KXMLBF5TOTAL-26JUN151945SDSTL-7,f5_total,SD@STL,SD,STL,2026-06-15T16:52:33.564746+00:00,2026-06-16T04:32:47.419478+00:00,161,262.6,3583.9,2,2,29,27,27,27,695.29,454.29,False,True,False,stale
KXMLBF5TOTAL-26JUN151945SDSTL-4,f5_total,SD@STL,SD,STL,2026-06-15T16:52:33.564746+00:00,2026-06-16T04:32:47.419478+00:00,161,262.6,3583.9,3,15,66,51,52,51,692.17,241.0,False,True,False,live_responsive
KXMLBF5TOTAL-26JUN151945SDSTL-5,f5_total,SD@STL,SD,STL,2026-06-15T16:52:33.564746+00:00,2026-06-16T04:32:47.419478+00:00,161,262.6,3583.9,2,8,53,45,45,45,695.29,454.29,False,True,False,stale
KXMLBF5TOTAL-26JUN151945SDSTL-1,f5_total,SD@STL,SD,STL,2026-06-15T16:52:33.564746+00:00,2026-06-16T04:32:47.419478+00:00,161,262.6,3583.9,3,61,95,34,35,34,692.17,241.0,False,True,False,live_responsive
KXMLBF5TOTAL-26JUN151945SDSTL-2,f5_total,SD@STL,SD,STL,2026-06-15T16:52:33.564746+00:00,2026-06-16T04:32:47.419478+00:00,161,262.6,3583.9,2,37,88,51,51,51,695.29,454.29,False,True,False,stale
KXMLBF5TOTAL-26JUN151945SDSTL-6,f5_total,SD@STL,SD,STL,2026-06-15T16:52:33.564746+00:00,2026-06-16T04:32:47.419478+00:00,161,262.6,3583.9,2,7,40,33,33,33,695.29,454.29,False,True,False,stale
KXMLBF5TOTAL-26JUN151910NYMCIN-2,f5_total,NYM@CIN,NYM,CIN,2026-06-15T16:52:33.564746+00:00,2026-06-16T04:32:47.419478+00:00,161,262.6,3583.9,3,85,99,14,15,14,692.17,241.0,False,False,False,slow_but_moving
KXMLBF5TOTAL-26JUN151910NYMCIN-5,f5_total,NYM@CIN,NYM,CIN,2026-06-15T16:52:33.564746+00:00,2026-06-16T04:32:47.419478+00:00,161,262.6,3583.9,3,44,99,55,55,53,692.17,241.0,False,False,False,slow_but_moving
KXMLBF5TOTAL-26JUN151910NYMCIN-1,f5_total,NYM@CIN,NYM,CIN,2026-06-15T16:52:33.564746+00:00,2026-06-16T04:32:47.419478+00:00,161,262.6,3583.9,2,96,99,3,3,3,695.29,454.29,False,False,False,stale
KXMLBF5TOTAL-26JUN151910NYMCIN-3,f5_total,NYM@CIN,NYM,CIN,2026-06-15T16:52:33.564746+00:00,2026-06-16T04:32:47.419478+00:00,161,262.6,3583.9,3,73,99,26,26,25,692.17,241.0,False,False,False,slow_but_moving
KXMLBF5TOTAL-26JUN151910NYMCIN-4,f5_total,NYM@CIN,NYM,CIN,2026-06-15T16:52:33.564746+00:00,2026-06-16T04:32:47.419478+00:00,161,262.6,3583.9,3,58,99,41,41,39,692.17,241.0,False,False,False,slow_but_moving
KXMLBF5TOTAL-26JUN151910NYMCIN-6,f5_total,NYM@CIN,NYM,CIN,2026-06-15T16:52:33.564746+00:00,2026-06-16T04:32:47.419478+00:00,161,262.6,3583.9,2,33,99,66,66,66,695.29,454.29,False,False,False,stale
KXMLBF5TOTAL-26JUN151910NYMCIN-7,f5_total,NYM@CIN,NYM,CIN,2026-06-15T16:52:33.564746+00:00,2026-06-16T04:32:47.419478+00:00,161,262.6,3583.9,3,23,99,76,76,75,692.17,241.0,False,False,False,slow_but_moving
KXMLBF5TOTAL-26JUN151840MIAPHI-6,f5_total,MIA@PHI,MIA,PHI,2026-06-15T16:52:33.564746+00:00,2026-06-16T04:32:47.419478+00:00,161,262.6,3583.9,1,34,34,0,0,0,700.23,700.23,False,False,False,stale
KXMLBF5TOTAL-26JUN151840MIAPHI-3,f5_total,MIA@PHI,MIA,PHI,2026-06-15T16:52:33.564746+00:00,2026-06-16T04:32:47.419478+00:00,161,262.6,3583.9,1,74,74,0,0,0,700.23,700.23,False,False,False,stale
KXMLBF5TOTAL-26JUN151840MIAPHI-4,f5_total,MIA@PHI,MIA,PHI,2026-06-15T16:52:33.564746+00:00,2026-06-16T04:32:47.419478+00:00,161,262.6,3583.9,1,60,60,0,0,0,700.23,700.23,False,False,False,stale
KXMLBF5TOTAL-26JUN151840MIAPHI-7,f5_total,MIA@PHI,MIA,PHI,2026-06-15T16:52:33.564746+00:00,2026-06-16T04:32:47.419478+00:00,161,262.6,3583.9,1,25,25,0,0,0,700.23,700.23,False,False,False,stale
KXMLBF5TOTAL-26JUN151840MIAPHI-2,f5_total,MIA@PHI,MIA,PHI,2026-06-15T16:52:33.564746+00:00,2026-06-16T04:32:47.419478+00:00,161,262.6,3583.9,1,86,86,0,0,0,700.23,700.23,False,False,False,stale
KXMLBF5TOTAL-26JUN151840MIAPHI-1,f5_total,MIA@PHI,MIA,PHI,2026-06-15T16:52:33.564746+00:00,2026-06-16T04:32:47.419478+00:00,161,262.6,3583.9,2,94,95,1,1,1,697.11,469.08,False,False,False,stale
KXMLBF5TOTAL-26JUN151840MIAPHI-5,f5_total,MIA@PHI,MIA,PHI,2026-06-15T16:52:33.564746+00:00,2026-06-16T04:32:47.419478+00:00,161,262.6,3583.9,1,46,46,0,0,0,700.23,700.23,False,False,False,stale
KXMLBTOTAL-26JUN152210TBLAD-3,full_game_total,TB@LAD,TB,LAD,2026-06-15T16:52:33.564746+00:00,2026-06-16T04:32:47.419478+00:00,159,265.9,3583.9,1,98,98,0,0,0,700.23,700.23,False,False,False,stale
KXMLBTOTAL-26JUN152210TBLAD-13,full_game_total,TB@LAD,TB,LAD,2026-06-15T16:52:33.564746+00:00,2026-06-16T04:32:47.419478+00:00,159,265.9,3583.9,1,25,25,0,0,0,700.23,700.23,False,False,False,stale
KXMLBTOTAL-26JUN152210TBLAD-6,full_game_total,TB@LAD,TB,LAD,2026-06-15T16:52:33.564746+00:00,2026-06-16T04:32:47.419478+00:00,159,265.9,3583.9,2,82,83,1,1,1,695.29,454.29,False,False,False,stale
KXMLBTOTAL-26JUN152210TBLAD-5,full_game_total,TB@LAD,TB,LAD,2026-06-15T16:52:33.564746+00:00,2026-06-16T04:32:47.419478+00:00,159,265.9,3583.9,2,90,91,1,2,1,689.24,241.0,False,False,False,stale
KXMLBTOTAL-26JUN152210TBLAD-12,full_game_total,TB@LAD,TB,LAD,2026-06-15T16:52:33.564746+00:00,2026-06-16T04:32:47.419478+00:00,159,265.9,3583.9,3,29,31,2,2,1,653.13,228.08,False,False,False,stale
KXMLBTOTAL-26JUN152210TBLAD-8,full_game_total,TB@LAD,TB,LAD,2026-06-15T16:52:33.564746+00:00,2026-06-16T04:32:47.419478+00:00,159,265.9,3583.9,3,65,67,2,2,1,653.13,228.08,False,False,False,stale
KXMLBTOTAL-26JUN152210TBLAD-10,full_game_total,TB@LAD,TB,LAD,2026-06-15T16:52:33.564746+00:00,2026-06-16T04:32:47.419478+00:00,159,265.9,3583.9,2,47,48,1,1,1,694.18,469.08,False,False,False,stale
KXMLBTOTAL-26JUN152210TBLAD-9,full_game_total,TB@LAD,TB,LAD,2026-06-15T16:52:33.564746+00:00,2026-06-16T04:32:47.419478+00:00,159,265.9,3583.9,2,57,58,1,1,1,694.18,469.08,False,False,False,stale
KXMLBTOTAL-26JUN152210TBLAD-11,full_game_total,TB@LAD,TB,LAD,2026-06-15T16:52:33.564746+00:00,2026-06-16T04:32:47.419478+00:00,159,265.9,3583.9,4,38,41,3,4,2,648.19,225.1,False,False,False,stale
KXMLBTOTAL-26JUN152210TBLAD-4,full_game_total,TB@LAD,TB,LAD,2026-06-15T16:52:33.564746+00:00,2026-06-16T04:32:47.419478+00:00,159,265.9,3583.9,2,93,94,1,1,1,695.29,454.29,False,False,False,stale
KXMLBTOTAL-26JUN152210TBLAD-7,full_game_total,TB@LAD,TB,LAD,2026-06-15T16:52:33.564746+00:00,2026-06-16T04:32:47.419478+00:00,159,265.9,3583.9,2,76,77,1,2,1,689.24,241.0,False,False,False,stale
KXMLBTOTAL-26JUN152140PITATH-15,full_game_total,PIT@ATH,PIT,ATH,2026-06-15T16:52:33.564746+00:00,2026-06-16T04:32:47.419478+00:00,159,265.9,3583.9,2,20,21,1,2,1,654.24,454.29,False,False,False,stale
KXMLBTOTAL-26JUN152140PITATH-14,full_game_total,PIT@ATH,PIT,ATH,2026-06-15T16:52:33.564746+00:00,2026-06-16T04:32:47.419478+00:00,159,265.9,3583.9,2,25,26,1,1,1,695.29,454.29,False,False,False,stale
KXMLBTOTAL-26JUN152140PITATH-5,full_game_total,PIT@ATH,PIT,ATH,2026-06-15T16:52:33.564746+00:00,2026-06-16T04:32:47.419478+00:00,159,265.9,3583.9,1,93,93,0,0,0,700.23,700.23,False,False,False,stale
KXMLBTOTAL-26JUN152140PITATH-9,full_game_total,PIT@ATH,PIT,ATH,2026-06-15T16:52:33.564746+00:00,2026-06-16T04:32:47.419478+00:00,159,265.9,3583.9,3,65,67,2,3,2,654.24,454.29,False,False,False,stale
KXMLBTOTAL-26JUN152140PITATH-11,full_game_total,PIT@ATH,PIT,ATH,2026-06-15T16:52:33.564746+00:00,2026-06-16T04:32:47.419478+00:00,160,264.2,3583.9,2,48,49,1,1,1,697.11,469.08,False,False,False,stale
KXMLBTOTAL-26JUN152140PITATH-8,full_game_total,PIT@ATH,PIT,ATH,2026-06-15T16:52:33.564746+00:00,2026-06-16T04:32:47.419478+00:00,159,265.9,3583.9,2,72,73,1,1,1,695.29,454.29,False,False,False,stale
KXMLBTOTAL-26JUN152140PITATH-7,full_game_total,PIT@ATH,PIT,ATH,2026-06-15T16:52:33.564746+00:00,2026-06-16T04:32:47.419478+00:00,159,265.9,3583.9,2,81,82,1,1,1,694.18,469.08,False,False,False,stale
KXMLBTOTAL-26JUN152140PITATH-12,full_game_total,PIT@ATH,PIT,ATH,2026-06-15T16:52:33.564746+00:00,2026-06-16T04:32:47.419478+00:00,160,264.2,3583.9,2,38,39,1,1,1,697.11,469.08,False,False,False,stale
KXMLBTOTAL-26JUN152140PITATH-10,full_game_total,PIT@ATH,PIT,ATH,2026-06-15T16:52:33.564746+00:00,2026-06-16T04:32:47.419478+00:00,160,264.2,3583.9,2,55,56,1,1,1,695.29,454.29,False,False,False,stale
KXMLBTOTAL-26JUN152140PITATH-6,full_game_total,PIT@ATH,PIT,ATH,2026-06-15T16:52:33.564746+00:00,2026-06-16T04:32:47.419478+00:00,159,265.9,3583.9,2,87,88,1,1,1,695.29,454.29,False,False,False,stale
KXMLBTOTAL-26JUN152140PITATH-13,full_game_total,PIT@ATH,PIT,ATH,2026-06-15T16:52:33.564746+00:00,2026-06-16T04:32:47.419478+00:00,160,264.2,3583.9,2,33,34,1,1,1,695.29,454.29,False,False,False,stale
KXMLBTOTAL-26JUN152140LAAAZ-6,full_game_total,LAA@AZ,LAA,AZ,2026-06-15T16:52:33.564746+00:00,2026-06-16T04:32:47.419478+00:00,160,264.2,3583.9,2,81,82,1,2,1,692.17,241.0,False,False,False,stale
KXMLBTOTAL-26JUN152140LAAAZ-13,full_game_total,LAA@AZ,LAA,AZ,2026-06-15T16:52:33.564746+00:00,2026-06-16T04:32:47.419478+00:00,160,264.2,3583.9,3,23,25,2,2,1,692.17,241.0,False,False,False,stale
KXMLBTOTAL-26JUN152140LAAAZ-4,full_game_total,LAA@AZ,LAA,AZ,2026-06-15T16:52:33.564746+00:00,2026-06-16T04:32:47.419478+00:00,160,264.2,3583.9,3,93,95,2,3,1,651.12,228.04,False,False,False,stale
KXMLBTOTAL-26JUN152140LAAAZ-11,full_game_total,LAA@AZ,LAA,AZ,2026-06-15T16:52:33.564746+00:00,2026-06-16T04:32:47.419478+00:00,160,264.2,3583.9,2,38,39,1,1,1,697.11,469.08,False,False,False,stale
KXMLBTOTAL-26JUN152140LAAAZ-9,full_game_total,LAA@AZ,LAA,AZ,2026-06-15T16:52:33.564746+00:00,2026-06-16T04:32:47.419478+00:00,160,264.2,3583.9,3,54,57,3,3,2,692.17,241.0,False,False,False,stale
KXMLBTOTAL-26JUN152140LAAAZ-5,full_game_total,LAA@AZ,LAA,AZ,2026-06-15T16:52:33.564746+00:00,2026-06-16T04:32:47.419478+00:00,160,264.2,3583.9,1,90,90,0,0,0,700.23,700.23,False,False,False,stale
KXMLBTOTAL-26JUN152140LAAAZ-10,full_game_total,LAA@AZ,LAA,AZ,2026-06-15T16:52:33.564746+00:00,2026-06-16T04:32:47.419478+00:00,160,264.2,3583.9,2,44,46,2,2,2,695.29,454.29,False,False,False,stale
KXMLBTOTAL-26JUN152140LAAAZ-8,full_game_total,LAA@AZ,LAA,AZ,2026-06-15T16:52:33.564746+00:00,2026-06-16T04:32:47.419478+00:00,160,264.2,3583.9,1,64,64,0,0,0,700.23,700.23,False,False,False,stale
KXMLBTOTAL-26JUN152140LAAAZ-3,full_game_total,LAA@AZ,LAA,AZ,2026-06-15T16:52:33.564746+00:00,2026-06-16T04:32:47.419478+00:00,160,264.2,3583.9,1,97,97,0,0,0,700.23,700.23,False,False,False,stale
KXMLBTOTAL-26JUN152140LAAAZ-12,full_game_total,LAA@AZ,LAA,AZ,2026-06-15T16:52:33.564746+00:00,2026-06-16T04:32:47.419478+00:00,160,264.2,3583.9,2,28,30,2,2,2,695.29,454.29,False,False,False,stale
KXMLBTOTAL-26JUN152140LAAAZ-7,full_game_total,LAA@AZ,LAA,AZ,2026-06-15T16:52:33.564746+00:00,2026-06-16T04:32:47.419478+00:00,160,264.2,3583.9,1,75,75,0,0,0,700.23,700.23,False,False,False,stale
KXMLBTOTAL-26JUN152010DETHOU-13,full_game_total,DET@HOU,DET,HOU,2026-06-15T16:52:33.564746+00:00,2026-06-16T04:32:47.419478+00:00,160,264.2,3583.9,3,21,39,18,18,16,654.24,454.29,True,True,False,live_responsive
KXMLBTOTAL-26JUN152010DETHOU-10,full_game_total,DET@HOU,DET,HOU,2026-06-15T16:52:33.564746+00:00,2026-06-16T04:32:47.419478+00:00,160,264.2,3583.9,4,42,69,27,28,23,651.12,228.04,True,True,False,live_responsive
KXMLBTOTAL-26JUN152010DETHOU-8,full_game_total,DET@HOU,DET,HOU,2026-06-15T16:52:33.564746+00:00,2026-06-16T04:32:47.419478+00:00,160,264.2,3583.9,3,61,89,28,28,23,654.24,454.29,True,True,False,live_responsive
KXMLBTOTAL-26JUN152010DETHOU-5,full_game_total,DET@HOU,DET,HOU,2026-06-15T16:52:33.564746+00:00,2026-06-16T04:32:47.419478+00:00,160,264.2,3583.9,3,88,99,11,11,8,654.24,454.29,True,True,False,live_responsive
KXMLBTOTAL-26JUN152010DETHOU-9,full_game_total,DET@HOU,DET,HOU,2026-06-15T16:52:33.564746+00:00,2026-06-16T04:32:47.419478+00:00,160,264.2,3583.9,3,53,80,27,27,22,654.24,454.29,True,True,False,live_responsive
KXMLBTOTAL-26JUN152010DETHOU-4,full_game_total,DET@HOU,DET,HOU,2026-06-15T16:52:33.564746+00:00,2026-06-16T04:32:47.419478+00:00,160,264.2,3583.9,3,93,99,6,6,4,654.24,454.29,True,True,False,live_responsive
KXMLBTOTAL-26JUN152010DETHOU-6,full_game_total,DET@HOU,DET,HOU,2026-06-15T16:52:33.564746+00:00,2026-06-16T04:32:47.419478+00:00,160,264.2,3583.9,3,79,98,19,19,15,654.24,454.29,True,True,False,live_responsive
KXMLBTOTAL-26JUN152010DETHOU-12,full_game_total,DET@HOU,DET,HOU,2026-06-15T16:52:33.564746+00:00,2026-06-16T04:32:47.419478+00:00,160,264.2,3583.9,3,26,48,22,22,19,654.24,454.29,True,True,False,live_responsive
KXMLBTOTAL-26JUN152010DETHOU-7,full_game_total,DET@HOU,DET,HOU,2026-06-15T16:52:33.564746+00:00,2026-06-16T04:32:47.419478+00:00,488,86.3,3583.9,3,72,95,23,23,18,595.84,454.29,True,True,False,live_responsive
KXMLBTOTAL-26JUN152010DETHOU-11,full_game_total,DET@HOU,DET,HOU,2026-06-15T16:52:33.564746+00:00,2026-06-16T04:32:47.419478+00:00,160,264.2,3583.9,4,35,59,24,25,20,651.12,228.04,True,True,False,live_responsive
KXMLBTOTAL-26JUN152010DETHOU-3,full_game_total,DET@HOU,DET,HOU,2026-06-15T16:52:33.564746+00:00,2026-06-16T04:32:47.419478+00:00,160,264.2,3583.9,3,97,99,2,2,1,654.24,454.29,False,False,False,stale
KXMLBTOTAL-26JUN152005MINTEX-3,full_game_total,MIN@TEX,MIN,TEX,2026-06-15T16:52:33.564746+00:00,2026-06-16T04:32:47.419478+00:00,160,264.2,3583.9,3,95,99,4,4,2,692.17,241.0,False,True,False,stale
KXMLBTOTAL-26JUN152005MINTEX-5,full_game_total,MIN@TEX,MIN,TEX,2026-06-15T16:52:33.564746+00:00,2026-06-16T04:32:47.419478+00:00,160,264.2,3583.9,3,85,99,14,14,12,654.24,454.29,False,True,False,live_responsive
KXMLBTOTAL-26JUN152005MINTEX-4,full_game_total,MIN@TEX,MIN,TEX,2026-06-15T16:52:33.564746+00:00,2026-06-16T04:32:47.419478+00:00,160,264.2,3583.9,4,89,99,10,10,8,651.12,228.04,False,True,False,live_responsive
KXMLBTOTAL-26JUN152005MINTEX-6,full_game_total,MIN@TEX,MIN,TEX,2026-06-15T16:52:33.564746+00:00,2026-06-16T04:32:47.419478+00:00,160,264.2,3583.9,3,75,95,20,20,17,654.24,454.29,False,True,False,live_responsive
KXMLBTOTAL-26JUN152005MINTEX-8,full_game_total,MIN@TEX,MIN,TEX,2026-06-15T16:52:33.564746+00:00,2026-06-16T04:32:47.419478+00:00,207,204.0,3583.9,3,55,78,23,28,23,644.94,454.29,False,True,False,live_responsive
KXMLBTOTAL-26JUN152005MINTEX-12,full_game_total,MIN@TEX,MIN,TEX,2026-06-15T16:52:33.564746+00:00,2026-06-16T04:32:47.419478+00:00,160,264.2,3583.9,3,21,39,18,32,18,654.24,454.29,False,True,False,live_responsive
KXMLBTOTAL-26JUN152005MINTEX-13,full_game_total,MIN@TEX,MIN,TEX,2026-06-15T16:52:33.564746+00:00,2026-06-16T04:32:47.419478+00:00,160,264.2,3583.9,4,15,32,17,30,15,651.12,228.04,False,True,False,live_responsive
KXMLBTOTAL-26JUN152005MINTEX-11,full_game_total,MIN@TEX,MIN,TEX,2026-06-15T16:52:33.564746+00:00,2026-06-16T04:32:47.419478+00:00,160,264.2,3583.9,3,28,50,22,36,22,654.24,454.29,False,True,False,live_responsive
KXMLBTOTAL-26JUN152005MINTEX-7,full_game_total,MIN@TEX,MIN,TEX,2026-06-15T16:52:33.564746+00:00,2026-06-16T04:32:47.419478+00:00,160,264.2,3583.9,3,66,91,25,25,21,654.24,454.29,False,True,False,live_responsive
KXMLBTOTAL-26JUN152005MINTEX-9,full_game_total,MIN@TEX,MIN,TEX,2026-06-15T16:52:33.564746+00:00,2026-06-16T04:32:47.419478+00:00,160,264.2,3583.9,4,45,71,26,33,24,651.12,228.04,False,True,False,live_responsive
KXMLBTOTAL-26JUN152005MINTEX-10,full_game_total,MIN@TEX,MIN,TEX,2026-06-15T16:52:33.564746+00:00,2026-06-16T04:32:47.419478+00:00,160,264.2,3583.9,3,36,58,22,35,22,654.24,454.29,False,True,False,live_responsive
KXMLBTOTAL-26JUN152005COLCHC-5,full_game_total,COL@CHC,COL,CHC,2026-06-15T16:52:33.564746+00:00,2026-06-16T04:32:47.419478+00:00,160,264.2,3583.9,3,64,91,27,27,26,654.24,454.29,False,True,False,live_responsive
KXMLBTOTAL-26JUN152005COLCHC-12,full_game_total,COL@CHC,COL,CHC,2026-06-15T16:52:33.564746+00:00,2026-06-16T04:32:47.419478+00:00,160,264.2,3583.9,3,7,32,25,25,20,654.24,454.29,False,True,False,live_responsive
KXMLBTOTAL-26JUN152005COLCHC-13,full_game_total,COL@CHC,COL,CHC,2026-06-15T16:52:33.564746+00:00,2026-06-16T04:32:47.419478+00:00,160,264.2,3583.9,3,4,26,22,22,17,654.24,454.29,False,True,False,live_responsive
KXMLBTOTAL-26JUN152005COLCHC-7,full_game_total,COL@CHC,COL,CHC,2026-06-15T16:52:33.564746+00:00,2026-06-16T04:32:47.419478+00:00,160,264.2,3583.9,3,39,76,37,37,36,654.24,454.29,False,True,False,live_responsive
KXMLBTOTAL-26JUN152005COLCHC-6,full_game_total,COL@CHC,COL,CHC,2026-06-15T16:52:33.564746+00:00,2026-06-16T04:32:47.419478+00:00,160,264.2,3583.9,3,48,83,35,35,33,654.24,454.29,False,True,False,live_responsive
KXMLBTOTAL-26JUN152005COLCHC-4,full_game_total,COL@CHC,COL,CHC,2026-06-15T16:52:33.564746+00:00,2026-06-16T04:32:47.419478+00:00,160,264.2,3583.9,3,72,94,22,23,22,656.06,228.08,False,True,False,live_responsive
KXMLBTOTAL-26JUN152005COLCHC-11,full_game_total,COL@CHC,COL,CHC,2026-06-15T16:52:33.564746+00:00,2026-06-16T04:32:47.419478+00:00,160,264.2,3583.9,3,10,41,31,31,26,654.24,454.29,False,True,False,live_responsive
KXMLBTOTAL-26JUN152005COLCHC-14,full_game_total,COL@CHC,COL,CHC,2026-06-15T16:52:33.564746+00:00,2026-06-16T04:32:47.419478+00:00,160,264.2,3583.9,4,3,20,17,18,13,651.12,228.04,False,True,False,live_responsive
KXMLBTOTAL-26JUN152005COLCHC-8,full_game_total,COL@CHC,COL,CHC,2026-06-15T16:52:33.564746+00:00,2026-06-16T04:32:47.419478+00:00,160,264.2,3583.9,3,27,66,39,39,36,654.24,454.29,False,True,False,live_responsive
KXMLBTOTAL-26JUN152005COLCHC-9,full_game_total,COL@CHC,COL,CHC,2026-06-15T16:52:33.564746+00:00,2026-06-16T04:32:47.419478+00:00,160,264.2,3583.9,3,21,59,38,38,33,654.24,454.29,False,True,False,live_responsive
KXMLBTOTAL-26JUN152005COLCHC-10,full_game_total,COL@CHC,COL,CHC,2026-06-15T16:52:33.564746+00:00,2026-06-16T04:32:47.419478+00:00,160,264.2,3583.9,4,14,48,34,34,30,651.12,228.04,False,True,False,live_responsive
KXMLBTOTAL-26JUN151945SDSTL-5,full_game_total,SD@STL,SD,STL,2026-06-15T16:52:33.564746+00:00,2026-06-16T04:32:47.419478+00:00,160,264.2,3583.9,3,59,86,27,39,27,654.24,454.29,False,True,False,live_responsive
KXMLBTOTAL-26JUN151945SDSTL-4,full_game_total,SD@STL,SD,STL,2026-06-15T16:52:33.564746+00:00,2026-06-16T04:32:47.419478+00:00,160,264.2,3583.9,3,70,92,22,38,22,654.24,454.29,False,True,False,live_responsive
KXMLBTOTAL-26JUN151945SDSTL-3,full_game_total,SD@STL,SD,STL,2026-06-15T16:52:33.564746+00:00,2026-06-16T04:32:47.419478+00:00,160,264.2,3583.9,3,86,99,13,24,13,654.24,454.29,False,True,False,live_responsive
KXMLBTOTAL-26JUN151945SDSTL-7,full_game_total,SD@STL,SD,STL,2026-06-15T16:52:33.564746+00:00,2026-06-16T04:32:47.419478+00:00,160,264.2,3583.9,3,34,69,35,42,35,654.24,454.29,False,True,False,live_responsive
KXMLBTOTAL-26JUN151945SDSTL-12,full_game_total,SD@STL,SD,STL,2026-06-15T16:52:33.564746+00:00,2026-06-16T04:32:47.419478+00:00,160,264.2,3583.9,3,6,25,19,19,18,692.17,241.0,False,True,False,live_responsive
KXMLBTOTAL-26JUN151945SDSTL-6,full_game_total,SD@STL,SD,STL,2026-06-15T16:52:33.564746+00:00,2026-06-16T04:32:47.419478+00:00,160,264.2,3583.9,3,44,77,33,44,33,654.24,454.29,False,True,False,live_responsive
KXMLBTOTAL-26JUN151945SDSTL-13,full_game_total,SD@STL,SD,STL,2026-06-15T16:52:33.564746+00:00,2026-06-16T04:32:47.419478+00:00,160,264.2,3583.9,2,4,19,15,15,15,695.29,454.29,False,True,False,stale
KXMLBTOTAL-26JUN151945SDSTL-11,full_game_total,SD@STL,SD,STL,2026-06-15T16:52:33.564746+00:00,2026-06-16T04:32:47.419478+00:00,160,264.2,3583.9,2,9,32,23,23,23,695.29,454.29,False,True,False,stale
KXMLBTOTAL-26JUN151945SDSTL-10,full_game_total,SD@STL,SD,STL,2026-06-15T16:52:33.564746+00:00,2026-06-16T04:32:47.419478+00:00,160,264.2,3583.9,3,12,39,27,29,27,654.24,454.29,False,True,False,live_responsive
KXMLBTOTAL-26JUN151945SDSTL-9,full_game_total,SD@STL,SD,STL,2026-06-15T16:52:33.564746+00:00,2026-06-16T04:32:47.419478+00:00,160,264.2,3583.9,3,17,50,33,36,33,654.24,454.29,False,True,False,live_responsive
KXMLBTOTAL-26JUN151945SDSTL-8,full_game_total,SD@STL,SD,STL,2026-06-15T16:52:33.564746+00:00,2026-06-16T04:32:47.419478+00:00,160,264.2,3583.9,3,23,58,35,42,35,654.24,454.29,False,True,False,live_responsive
KXMLBTOTAL-26JUN151910NYMCIN-3,full_game_total,NYM@CIN,NYM,CIN,2026-06-15T16:52:33.564746+00:00,2026-06-16T04:32:47.419478+00:00,160,264.2,3583.9,3,95,99,4,4,2,692.17,241.0,False,False,False,stale
KXMLBTOTAL-26JUN151910NYMCIN-4,full_game_total,NYM@CIN,NYM,CIN,2026-06-15T16:52:33.564746+00:00,2026-06-16T04:32:47.419478+00:00,160,264.2,3583.9,2,92,99,7,7,7,695.29,454.29,False,False,False,stale
KXMLBTOTAL-26JUN151910NYMCIN-13,full_game_total,NYM@CIN,NYM,CIN,2026-06-15T16:52:33.564746+00:00,2026-06-16T04:32:47.419478+00:00,160,264.2,3583.9,3,17,78,61,101,61,654.24,454.29,False,True,False,live_responsive
KXMLBTOTAL-26JUN151910NYMCIN-12,full_game_total,NYM@CIN,NYM,CIN,2026-06-15T16:52:33.564746+00:00,2026-06-16T04:32:47.419478+00:00,160,264.2,3583.9,3,22,88,66,100,66,654.24,454.29,False,True,False,live_responsive
KXMLBTOTAL-26JUN151910NYMCIN-10,full_game_total,NYM@CIN,NYM,CIN,2026-06-15T16:52:33.564746+00:00,2026-06-16T04:32:47.419478+00:00,160,264.2,3583.9,3,37,98,61,72,61,654.24,454.29,False,True,False,live_responsive
KXMLBTOTAL-26JUN151910NYMCIN-5,full_game_total,NYM@CIN,NYM,CIN,2026-06-15T16:52:33.564746+00:00,2026-06-16T04:32:47.419478+00:00,160,264.2,3583.9,2,86,99,13,13,13,695.29,454.29,False,False,False,stale
KXMLBTOTAL-26JUN151910NYMCIN-6,full_game_total,NYM@CIN,NYM,CIN,2026-06-15T16:52:33.564746+00:00,2026-06-16T04:32:47.419478+00:00,160,264.2,3583.9,2,76,99,23,23,23,695.29,454.29,False,False,False,stale
KXMLBTOTAL-26JUN151910NYMCIN-11,full_game_total,NYM@CIN,NYM,CIN,2026-06-15T16:52:33.564746+00:00,2026-06-16T04:32:47.419478+00:00,160,264.2,3583.9,3,31,95,64,91,64,654.24,454.29,False,True,False,live_responsive
KXMLBTOTAL-26JUN151910NYMCIN-8,full_game_total,NYM@CIN,NYM,CIN,2026-06-15T16:52:33.564746+00:00,2026-06-16T04:32:47.419478+00:00,160,264.2,3583.9,2,56,99,43,43,43,695.29,454.29,False,False,False,stale
KXMLBTOTAL-26JUN151910NYMCIN-7,full_game_total,NYM@CIN,NYM,CIN,2026-06-15T16:52:33.564746+00:00,2026-06-16T04:32:47.419478+00:00,160,264.2,3583.9,2,68,99,31,31,31,695.29,454.29,False,False,False,stale
KXMLBTOTAL-26JUN151910NYMCIN-9,full_game_total,NYM@CIN,NYM,CIN,2026-06-15T16:52:33.564746+00:00,2026-06-16T04:32:47.419478+00:00,160,264.2,3583.9,3,48,99,51,51,50,692.17,241.0,False,False,False,slow_but_moving
KXMLBTOTAL-26JUN151840MIAPHI-5,full_game_total,MIA@PHI,MIA,PHI,2026-06-15T16:52:33.564746+00:00,2026-06-16T04:32:47.419478+00:00,160,264.2,3583.9,2,84,99,15,15,15,695.29,454.29,False,True,False,stale
KXMLBTOTAL-26JUN151840MIAPHI-10,full_game_total,MIA@PHI,MIA,PHI,2026-06-15T16:52:33.564746+00:00,2026-06-16T04:32:47.419478+00:00,160,264.2,3583.9,3,10,34,24,24,13,654.24,454.29,False,True,False,live_responsive
KXMLBTOTAL-26JUN151840MIAPHI-6,full_game_total,MIA@PHI,MIA,PHI,2026-06-15T16:52:33.564746+00:00,2026-06-16T04:32:47.419478+00:00,160,264.2,3583.9,3,73,88,15,15,10,654.24,454.29,False,True,False,live_responsive
KXMLBTOTAL-26JUN151840MIAPHI-7,full_game_total,MIA@PHI,MIA,PHI,2026-06-15T16:52:33.564746+00:00,2026-06-16T04:32:47.419478+00:00,160,264.2,3583.9,3,58,65,7,8,6,651.12,228.04,False,True,False,live_responsive
KXMLBTOTAL-26JUN151840MIAPHI-3,full_game_total,MIA@PHI,MIA,PHI,2026-06-15T16:52:33.564746+00:00,2026-06-16T04:32:47.419478+00:00,160,264.2,3583.9,3,95,99,4,4,3,692.17,241.0,False,True,False,stale
KXMLBTOTAL-26JUN151840MIAPHI-2,full_game_total,MIA@PHI,MIA,PHI,2026-06-15T16:52:33.564746+00:00,2026-06-16T04:32:47.419478+00:00,160,264.2,3583.9,2,98,99,1,1,1,695.29,454.29,False,False,False,stale
KXMLBTOTAL-26JUN151840MIAPHI-4,full_game_total,MIA@PHI,MIA,PHI,2026-06-15T16:52:33.564746+00:00,2026-06-16T04:32:47.419478+00:00,160,264.2,3583.9,3,90,99,9,9,8,692.17,241.0,False,True,False,live_responsive
KXMLBTOTAL-26JUN151840MIAPHI-9,full_game_total,MIA@PHI,MIA,PHI,2026-06-15T16:52:33.564746+00:00,2026-06-16T04:32:47.419478+00:00,160,264.2,3583.9,4,31,45,14,16,13,651.12,228.04,False,True,False,live_responsive
KXMLBTOTAL-26JUN151840MIAPHI-12,full_game_total,MIA@PHI,MIA,PHI,2026-06-15T16:52:33.564746+00:00,2026-06-16T04:32:47.419478+00:00,160,264.2,3583.9,3,4,20,16,16,13,654.24,454.29,False,True,False,live_responsive
KXMLBTOTAL-26JUN151840MIAPHI-11,full_game_total,MIA@PHI,MIA,PHI,2026-06-15T16:52:33.564746+00:00,2026-06-16T04:32:47.419478+00:00,160,264.2,3583.9,3,9,28,19,19,14,654.24,454.29,False,True,False,live_responsive
KXMLBTOTAL-26JUN151840MIAPHI-8,full_game_total,MIA@PHI,MIA,PHI,2026-06-15T16:52:33.564746+00:00,2026-06-16T04:32:47.419478+00:00,160,264.2,3583.9,4,42,54,12,12,8,651.12,228.04,False,True,False,live_responsive
KXMLBTOTAL-26JUN151910NYMCIN-17,full_game_total,NYM@CIN,NYM,CIN,2026-06-16T00:31:47.467611+00:00,2026-06-16T04:32:47.419478+00:00,47,314.3,2463.3,2,11,44,33,33,33,199.94,199.94,False,True,False,stale
KXMLBTOTAL-26JUN151910NYMCIN-14,full_game_total,NYM@CIN,NYM,CIN,2026-06-16T00:31:47.467611+00:00,2026-06-16T04:32:47.419478+00:00,47,314.3,2463.3,2,28,74,46,46,46,199.94,199.94,False,True,False,stale
KXMLBTOTAL-26JUN151910NYMCIN-18,full_game_total,NYM@CIN,NYM,CIN,2026-06-16T00:31:47.467611+00:00,2026-06-16T04:32:47.419478+00:00,47,314.3,2463.3,2,31,40,9,9,9,199.94,199.94,False,True,False,stale
KXMLBTOTAL-26JUN151910NYMCIN-19,full_game_total,NYM@CIN,NYM,CIN,2026-06-16T00:31:47.467611+00:00,2026-06-16T04:32:47.419478+00:00,47,314.3,2463.3,2,23,30,7,7,7,199.94,199.94,False,True,False,stale
KXMLBTOTAL-26JUN151910NYMCIN-16,full_game_total,NYM@CIN,NYM,CIN,2026-06-16T00:31:47.467611+00:00,2026-06-16T04:32:47.419478+00:00,47,314.3,2463.3,2,13,58,45,45,45,199.94,199.94,False,True,False,stale
KXMLBTOTAL-26JUN151910NYMCIN-15,full_game_total,NYM@CIN,NYM,CIN,2026-06-16T00:31:47.467611+00:00,2026-06-16T04:32:47.419478+00:00,47,314.3,2463.3,2,21,68,47,47,47,199.94,199.94,False,True,False,stale
KXMLBGAME-26JUN152210TBLAD-LAD,moneyline,TB@LAD,TB,LAD,2026-06-15T01:41:28.199502+00:00,2026-06-16T04:32:47.419478+00:00,162,600.5,54047.8,4,55,62,7,7,5,663.42,228.08,False,False,False,slow_but_moving
KXMLBGAME-26JUN152210TBLAD-TB,moneyline,TB@LAD,TB,LAD,2026-06-15T01:41:28.199502+00:00,2026-06-16T04:32:47.419478+00:00,162,600.5,54047.8,4,37,44,7,7,5,699.53,241.0,False,False,False,slow_but_moving
KXMLBGAME-26JUN152140PITATH-ATH,moneyline,PIT@ATH,PIT,ATH,2026-06-15T01:41:28.199502+00:00,2026-06-16T04:32:47.419478+00:00,162,600.5,54047.8,2,53,54,1,1,1,710.52,700.23,False,False,False,stale
KXMLBGAME-26JUN152140PITATH-PIT,moneyline,PIT@ATH,PIT,ATH,2026-06-15T01:41:28.199502+00:00,2026-06-16T04:32:47.419478+00:00,162,600.5,54047.8,1,46,46,0,0,0,1611.32,1611.32,False,False,False,stale
KXMLBGAME-26JUN152140LAAAZ-LAA,moneyline,LAA@AZ,LAA,AZ,2026-06-15T01:41:28.199502+00:00,2026-06-16T04:32:47.419478+00:00,162,600.5,54047.8,4,43,46,3,3,1,664.53,454.29,False,False,False,stale
KXMLBGAME-26JUN152140LAAAZ-AZ,moneyline,LAA@AZ,LAA,AZ,2026-06-15T01:41:28.199502+00:00,2026-06-16T04:32:47.419478+00:00,162,600.5,54047.8,2,54,56,2,2,2,1606.38,1365.38,False,False,False,stale
KXMLBGAME-26JUN152010DETHOU-DET,moneyline,DET@HOU,DET,HOU,2026-06-15T01:41:28.199502+00:00,2026-06-16T04:32:47.419478+00:00,162,600.5,54047.8,5,42,87,45,45,31,658.48,225.1,True,True,False,live_responsive
KXMLBGAME-26JUN152010DETHOU-HOU,moneyline,DET@HOU,DET,HOU,2026-06-15T01:41:28.199502+00:00,2026-06-16T04:32:47.419478+00:00,162,600.5,54047.8,5,12,56,44,46,31,658.48,225.1,True,True,False,live_responsive
KXMLBGAME-26JUN152005MINTEX-MIN,moneyline,MIN@TEX,MIN,TEX,2026-06-15T01:41:28.199502+00:00,2026-06-16T04:32:47.419478+00:00,162,600.5,54047.8,5,40,72,32,48,31,658.48,225.1,False,True,False,live_responsive
KXMLBGAME-26JUN152005MINTEX-TEX,moneyline,MIN@TEX,MIN,TEX,2026-06-15T01:41:28.199502+00:00,2026-06-16T04:32:47.419478+00:00,162,600.5,54047.8,4,27,60,33,49,31,658.48,225.1,False,True,False,live_responsive
KXMLBGAME-26JUN152005COLCHC-CHC,moneyline,COL@CHC,COL,CHC,2026-06-15T01:41:28.199502+00:00,2026-06-16T04:32:47.419478+00:00,162,600.5,54047.8,4,64,76,12,12,9,664.53,454.29,False,True,False,live_responsive
KXMLBGAME-26JUN152005COLCHC-COL,moneyline,COL@CHC,COL,CHC,2026-06-15T01:41:28.199502+00:00,2026-06-16T04:32:47.419478+00:00,162,600.5,54047.8,4,24,36,12,12,8,664.53,454.29,False,True,False,live_responsive
KXMLBGAME-26JUN151945SDSTL-SD,moneyline,SD@STL,SD,STL,2026-06-15T01:41:28.199502+00:00,2026-06-16T04:32:47.419478+00:00,162,600.5,54047.8,4,7,43,36,36,32,664.53,454.29,False,True,False,live_responsive
KXMLBGAME-26JUN151945SDSTL-STL,moneyline,SD@STL,SD,STL,2026-06-15T01:41:28.199502+00:00,2026-06-16T04:32:47.419478+00:00,162,600.5,54047.8,5,54,92,38,40,31,658.48,225.1,False,True,False,live_responsive
KXMLBGAME-26JUN151910NYMCIN-CIN,moneyline,NYM@CIN,NYM,CIN,2026-06-15T01:41:28.199502+00:00,2026-06-16T04:32:47.419478+00:00,162,600.5,54047.8,5,51,99,48,50,41,658.48,225.1,False,True,False,live_responsive
KXMLBGAME-26JUN151910NYMCIN-NYM,moneyline,NYM@CIN,NYM,CIN,2026-06-15T01:41:28.199502+00:00,2026-06-16T04:32:47.419478+00:00,162,600.5,54047.8,3,4,49,45,45,40,464.59,454.29,False,False,False,slow_but_moving
KXMLBGAME-26JUN151840MIAPHI-MIA,moneyline,MIA@PHI,MIA,PHI,2026-06-15T01:41:28.199502+00:00,2026-06-16T04:32:47.419478+00:00,162,600.5,54047.8,2,2,36,34,34,34,1365.38,1365.38,False,True,False,stale
KXMLBGAME-26JUN151840MIAPHI-PHI,moneyline,MIA@PHI,MIA,PHI,2026-06-15T01:41:28.199502+00:00,2026-06-16T04:32:47.419478+00:00,162,600.5,54047.8,4,63,99,36,39,34,664.53,454.29,False,True,False,live_responsive
KXMLBSPREAD-26JUN152210TBLAD-TB3,spread_run_line,TB@LAD,TB,LAD,2026-06-15T16:52:33.564746+00:00,2026-06-16T04:32:47.419478+00:00,158,267.6,3764.1,2,19,20,1,1,1,695.29,454.29,False,False,False,stale
KXMLBSPREAD-26JUN152210TBLAD-LAD3,spread_run_line,TB@LAD,TB,LAD,2026-06-15T16:52:33.564746+00:00,2026-06-16T04:32:47.419478+00:00,158,267.6,3764.1,2,32,34,2,2,2,694.18,469.08,False,False,False,stale
KXMLBSPREAD-26JUN152210TBLAD-TB4,spread_run_line,TB@LAD,TB,LAD,2026-06-15T16:52:33.564746+00:00,2026-06-16T04:32:47.419478+00:00,158,267.6,3764.1,2,13,14,1,1,1,694.18,469.08,False,False,False,stale
KXMLBSPREAD-26JUN152210TBLAD-TB2,spread_run_line,TB@LAD,TB,LAD,2026-06-15T16:52:33.564746+00:00,2026-06-16T04:32:47.419478+00:00,158,267.6,3764.1,3,27,29,2,3,2,689.24,241.0,False,False,False,stale
KXMLBSPREAD-26JUN152210TBLAD-LAD2,spread_run_line,TB@LAD,TB,LAD,2026-06-15T16:52:33.564746+00:00,2026-06-16T04:32:47.419478+00:00,158,267.6,3764.1,3,43,45,2,2,1,689.24,241.0,False,False,False,stale
KXMLBSPREAD-26JUN152210TBLAD-LAD4,spread_run_line,TB@LAD,TB,LAD,2026-06-15T16:52:33.564746+00:00,2026-06-16T04:32:47.419478+00:00,158,267.6,3764.1,2,23,25,2,2,2,694.18,469.08,False,False,False,stale
KXMLBSPREAD-26JUN152140PITATH-ATH4,spread_run_line,PIT@ATH,PIT,ATH,2026-06-15T16:52:33.564746+00:00,2026-06-16T04:32:47.419478+00:00,158,267.6,3764.1,1,20,20,0,0,0,700.23,700.23,False,False,False,stale
KXMLBSPREAD-26JUN152140PITATH-PIT4,spread_run_line,PIT@ATH,PIT,ATH,2026-06-15T16:52:33.564746+00:00,2026-06-16T04:32:47.419478+00:00,158,267.6,3764.1,2,20,21,1,1,1,659.18,459.23,False,False,False,stale
KXMLBSPREAD-26JUN152140PITATH-PIT3,spread_run_line,PIT@ATH,PIT,ATH,2026-06-15T16:52:33.564746+00:00,2026-06-16T04:32:47.419478+00:00,158,267.6,3764.1,2,27,28,1,1,1,694.18,469.08,False,False,False,stale
KXMLBSPREAD-26JUN152140PITATH-ATH3,spread_run_line,PIT@ATH,PIT,ATH,2026-06-15T16:52:33.564746+00:00,2026-06-16T04:32:47.419478+00:00,158,267.6,3764.1,1,27,27,0,0,0,700.23,700.23,False,False,False,stale
KXMLBSPREAD-26JUN152140PITATH-PIT2,spread_run_line,PIT@ATH,PIT,ATH,2026-06-15T16:52:33.564746+00:00,2026-06-16T04:32:47.419478+00:00,158,267.6,3764.1,2,36,37,1,1,1,695.29,454.29,False,False,False,stale
KXMLBSPREAD-26JUN152140PITATH-ATH2,spread_run_line,PIT@ATH,PIT,ATH,2026-06-15T16:52:33.564746+00:00,2026-06-16T04:32:47.419478+00:00,158,267.6,3764.1,2,36,37,1,1,1,694.18,469.08,False,False,False,stale
KXMLBSPREAD-26JUN152140LAAAZ-AZ3,spread_run_line,LAA@AZ,LAA,AZ,2026-06-15T16:52:33.564746+00:00,2026-06-16T04:32:47.419478+00:00,158,267.6,3764.1,2,26,28,2,2,2,695.29,454.29,False,False,False,stale
KXMLBSPREAD-26JUN152140LAAAZ-LAA4,spread_run_line,LAA@AZ,LAA,AZ,2026-06-15T16:52:33.564746+00:00,2026-06-16T04:32:47.419478+00:00,158,267.6,3764.1,2,17,18,1,1,1,695.29,454.29,False,False,False,stale
KXMLBSPREAD-26JUN152140LAAAZ-LAA3,spread_run_line,LAA@AZ,LAA,AZ,2026-06-15T16:52:33.564746+00:00,2026-06-16T04:32:47.419478+00:00,158,267.6,3764.1,2,24,25,1,1,1,695.29,454.29,False,False,False,stale
KXMLBSPREAD-26JUN152140LAAAZ-AZ4,spread_run_line,LAA@AZ,LAA,AZ,2026-06-15T16:52:33.564746+00:00,2026-06-16T04:32:47.419478+00:00,158,267.6,3764.1,1,19,19,0,0,0,700.23,700.23,False,False,False,stale
KXMLBSPREAD-26JUN152140LAAAZ-LAA2,spread_run_line,LAA@AZ,LAA,AZ,2026-06-15T16:52:33.564746+00:00,2026-06-16T04:32:47.419478+00:00,158,267.6,3764.1,2,34,35,1,1,1,695.29,454.29,False,False,False,stale
KXMLBSPREAD-26JUN152140LAAAZ-AZ2,spread_run_line,LAA@AZ,LAA,AZ,2026-06-15T16:52:33.564746+00:00,2026-06-16T04:32:47.419478+00:00,158,267.6,3764.1,3,36,39,3,3,2,654.24,454.29,False,False,False,stale
KXMLBSPREAD-26JUN152010DETHOU-HOU4,spread_run_line,DET@HOU,DET,HOU,2026-06-15T16:52:33.564746+00:00,2026-06-16T04:32:47.419478+00:00,158,267.6,3764.1,4,2,19,17,17,12,648.19,225.1,True,True,False,live_responsive
KXMLBSPREAD-26JUN152010DETHOU-DET4,spread_run_line,DET@HOU,DET,HOU,2026-06-15T16:52:33.564746+00:00,2026-06-16T04:32:47.419478+00:00,158,267.6,3764.1,4,18,60,42,42,36,648.19,225.1,True,True,False,live_responsive
KXMLBSPREAD-26JUN152010DETHOU-HOU3,spread_run_line,DET@HOU,DET,HOU,2026-06-15T16:52:33.564746+00:00,2026-06-16T04:32:47.419478+00:00,158,267.6,3764.1,3,4,26,22,22,16,654.24,454.29,True,True,False,live_responsive
KXMLBSPREAD-26JUN152010DETHOU-DET3,spread_run_line,DET@HOU,DET,HOU,2026-06-15T16:52:33.564746+00:00,2026-06-16T04:32:47.419478+00:00,158,267.6,3764.1,3,26,71,45,45,38,654.24,454.29,True,True,False,live_responsive
KXMLBSPREAD-26JUN152010DETHOU-HOU2,spread_run_line,DET@HOU,DET,HOU,2026-06-15T16:52:33.564746+00:00,2026-06-16T04:32:47.419478+00:00,158,267.6,3764.1,3,6,35,29,29,22,654.24,454.29,True,True,False,live_responsive
KXMLBSPREAD-26JUN152010DETHOU-DET2,spread_run_line,DET@HOU,DET,HOU,2026-06-15T16:52:33.564746+00:00,2026-06-16T04:32:47.419478+00:00,158,267.6,3764.1,3,35,79,44,44,36,654.24,454.29,True,True,False,live_responsive
KXMLBSPREAD-26JUN152005MINTEX-MIN3,spread_run_line,MIN@TEX,MIN,TEX,2026-06-15T16:52:33.564746+00:00,2026-06-16T04:32:47.419478+00:00,158,267.6,3764.1,4,19,51,32,57,31,648.19,225.1,False,True,False,live_responsive
KXMLBSPREAD-26JUN152005MINTEX-MIN4,spread_run_line,MIN@TEX,MIN,TEX,2026-06-15T16:52:33.564746+00:00,2026-06-16T04:32:47.419478+00:00,158,267.6,3764.1,4,12,39,27,52,26,648.19,225.1,False,True,False,live_responsive
KXMLBSPREAD-26JUN152005MINTEX-TEX4,spread_run_line,MIN@TEX,MIN,TEX,2026-06-15T16:52:33.564746+00:00,2026-06-16T04:32:47.419478+00:00,158,267.6,3764.1,3,5,21,16,20,16,654.24,454.29,False,True,False,live_responsive
KXMLBSPREAD-26JUN152005MINTEX-MIN2,spread_run_line,MIN@TEX,MIN,TEX,2026-06-15T16:52:33.564746+00:00,2026-06-16T04:32:47.419478+00:00,158,267.6,3764.1,3,28,63,35,59,35,654.24,454.29,False,True,False,live_responsive
KXMLBSPREAD-26JUN152005MINTEX-TEX2,spread_run_line,MIN@TEX,MIN,TEX,2026-06-15T16:52:33.564746+00:00,2026-06-16T04:32:47.419478+00:00,158,267.6,3764.1,4,13,41,28,34,27,648.19,225.1,False,True,False,live_responsive
KXMLBSPREAD-26JUN152005MINTEX-TEX3,spread_run_line,MIN@TEX,MIN,TEX,2026-06-15T16:52:33.564746+00:00,2026-06-16T04:32:47.419478+00:00,158,267.6,3764.1,4,8,30,22,38,21,648.19,225.1,False,True,False,live_responsive
KXMLBSPREAD-26JUN152005COLCHC-COL4,spread_run_line,COL@CHC,COL,CHC,2026-06-15T16:52:33.564746+00:00,2026-06-16T04:32:47.419478+00:00,158,267.6,3764.1,3,5,11,6,6,5,654.24,454.29,False,True,False,live_responsive
KXMLBSPREAD-26JUN152005COLCHC-COL3,spread_run_line,COL@CHC,COL,CHC,2026-06-15T16:52:33.564746+00:00,2026-06-16T04:32:47.419478+00:00,158,267.6,3764.1,4,9,17,8,8,5,648.19,225.1,False,True,False,live_responsive
KXMLBSPREAD-26JUN152005COLCHC-CHC4,spread_run_line,COL@CHC,COL,CHC,2026-06-15T16:52:33.564746+00:00,2026-06-16T04:32:47.419478+00:00,158,267.6,3764.1,4,24,38,14,24,14,648.19,225.1,False,True,False,live_responsive
KXMLBSPREAD-26JUN152005COLCHC-CHC3,spread_run_line,COL@CHC,COL,CHC,2026-06-15T16:52:33.564746+00:00,2026-06-16T04:32:47.419478+00:00,158,267.6,3764.1,3,37,48,11,21,11,654.24,454.29,False,True,False,live_responsive
KXMLBSPREAD-26JUN152005COLCHC-COL2,spread_run_line,COL@CHC,COL,CHC,2026-06-15T16:52:33.564746+00:00,2026-06-16T04:32:47.419478+00:00,158,267.6,3764.1,3,14,24,10,10,8,654.24,454.29,False,True,False,live_responsive
KXMLBSPREAD-26JUN152005COLCHC-CHC2,spread_run_line,COL@CHC,COL,CHC,2026-06-15T16:52:33.564746+00:00,2026-06-16T04:32:47.419478+00:00,158,267.6,3764.1,3,49,60,11,19,11,654.24,454.29,False,True,False,live_responsive
KXMLBSPREAD-26JUN151945SDSTL-SD4,spread_run_line,SD@STL,SD,STL,2026-06-15T16:52:33.564746+00:00,2026-06-16T04:32:47.419478+00:00,158,267.6,3764.1,3,2,15,13,13,8,654.24,454.29,False,True,False,live_responsive
KXMLBSPREAD-26JUN151945SDSTL-STL2,spread_run_line,SD@STL,SD,STL,2026-06-15T16:52:33.564746+00:00,2026-06-16T04:32:47.419478+00:00,158,267.6,3764.1,3,38,82,44,47,44,654.24,454.29,False,True,False,live_responsive
KXMLBSPREAD-26JUN151945SDSTL-SD2,spread_run_line,SD@STL,SD,STL,2026-06-15T16:52:33.564746+00:00,2026-06-16T04:32:47.419478+00:00,158,267.6,3764.1,3,4,30,26,26,22,654.24,454.29,False,True,False,live_responsive
KXMLBSPREAD-26JUN151945SDSTL-STL4,spread_run_line,SD@STL,SD,STL,2026-06-15T16:52:33.564746+00:00,2026-06-16T04:32:47.419478+00:00,158,267.6,3764.1,4,15,46,31,38,31,648.19,225.1,False,True,False,live_responsive
KXMLBSPREAD-26JUN151945SDSTL-STL3,spread_run_line,SD@STL,SD,STL,2026-06-15T16:52:33.564746+00:00,2026-06-16T04:32:47.419478+00:00,158,267.6,3764.1,4,25,68,43,50,43,648.19,225.1,False,True,False,live_responsive
KXMLBSPREAD-26JUN151945SDSTL-SD3,spread_run_line,SD@STL,SD,STL,2026-06-15T16:52:33.564746+00:00,2026-06-16T04:32:47.419478+00:00,158,267.6,3764.1,4,3,22,19,19,14,648.19,225.1,False,True,False,live_responsive
KXMLBSPREAD-26JUN151910NYMCIN-CIN4,spread_run_line,NYM@CIN,NYM,CIN,2026-06-15T16:52:33.564746+00:00,2026-06-16T04:32:47.419478+00:00,158,267.6,3764.1,3,19,97,78,78,71,654.24,454.29,False,True,False,live_responsive
KXMLBSPREAD-26JUN151910NYMCIN-CIN2,spread_run_line,NYM@CIN,NYM,CIN,2026-06-15T16:52:33.564746+00:00,2026-06-16T04:32:47.419478+00:00,158,267.6,3764.1,4,37,98,61,62,58,648.19,225.1,False,True,False,live_responsive
KXMLBSPREAD-26JUN151910NYMCIN-NYM3,spread_run_line,NYM@CIN,NYM,CIN,2026-06-15T16:52:33.564746+00:00,2026-06-16T04:32:47.419478+00:00,158,267.6,3764.1,2,22,23,1,1,1,448.24,225.1,False,False,False,stale
KXMLBSPREAD-26JUN151910NYMCIN-NYM2,spread_run_line,NYM@CIN,NYM,CIN,2026-06-15T16:52:33.564746+00:00,2026-06-16T04:32:47.419478+00:00,158,267.6,3764.1,1,32,32,0,0,0,454.29,454.29,False,False,False,stale
KXMLBSPREAD-26JUN151910NYMCIN-CIN3,spread_run_line,NYM@CIN,NYM,CIN,2026-06-15T16:52:33.564746+00:00,2026-06-16T04:32:47.419478+00:00,158,267.6,3764.1,4,27,97,70,71,66,648.19,225.1,False,True,False,live_responsive
KXMLBSPREAD-26JUN151910NYMCIN-NYM4,spread_run_line,NYM@CIN,NYM,CIN,2026-06-15T16:52:33.564746+00:00,2026-06-16T04:32:47.419478+00:00,158,267.6,3764.1,1,15,15,0,0,0,454.29,454.29,False,False,False,stale
KXMLBSPREAD-26JUN151840MIAPHI-MIA2,spread_run_line,MIA@PHI,MIA,PHI,2026-06-15T16:52:33.564746+00:00,2026-06-16T04:32:47.419478+00:00,158,267.6,3764.1,2,1,25,24,24,24,454.29,454.29,False,True,False,stale
KXMLBSPREAD-26JUN151840MIAPHI-MIA3,spread_run_line,MIA@PHI,MIA,PHI,2026-06-15T16:52:33.564746+00:00,2026-06-16T04:32:47.419478+00:00,158,267.6,3764.1,2,16,18,2,2,2,448.24,225.1,False,False,False,stale
KXMLBSPREAD-26JUN151840MIAPHI-PHI3,spread_run_line,MIA@PHI,MIA,PHI,2026-06-15T16:52:33.564746+00:00,2026-06-16T04:32:47.419478+00:00,158,267.6,3764.1,4,35,96,61,62,51,648.19,225.1,False,True,False,live_responsive
KXMLBSPREAD-26JUN151840MIAPHI-PHI4,spread_run_line,MIA@PHI,MIA,PHI,2026-06-15T16:52:33.564746+00:00,2026-06-16T04:32:47.419478+00:00,158,267.6,3764.1,3,26,95,69,69,54,654.24,454.29,False,True,False,live_responsive
KXMLBSPREAD-26JUN151840MIAPHI-PHI2,spread_run_line,MIA@PHI,MIA,PHI,2026-06-15T16:52:33.564746+00:00,2026-06-16T04:32:47.419478+00:00,158,267.6,3764.1,3,47,97,50,50,45,654.24,454.29,False,True,False,live_responsive
KXMLBSPREAD-26JUN151840MIAPHI-MIA4,spread_run_line,MIA@PHI,MIA,PHI,2026-06-15T16:52:33.564746+00:00,2026-06-16T04:32:47.419478+00:00,158,267.6,3764.1,3,1,12,11,12,11,448.24,225.1,False,True,False,live_responsive
KXMLBSPREAD-26JUN152005MINTEX-MIN6,spread_run_line,MIN@TEX,MIN,TEX,2026-06-16T00:31:47.467611+00:00,2026-06-16T04:32:47.419478+00:00,47,314.3,2463.3,2,6,23,17,17,17,199.94,199.94,False,True,False,stale
KXMLBSPREAD-26JUN152005MINTEX-MIN5,spread_run_line,MIN@TEX,MIN,TEX,2026-06-16T00:31:47.467611+00:00,2026-06-16T04:32:47.419478+00:00,47,314.3,2463.3,2,12,31,19,19,19,199.94,199.94,False,True,False,stale
KXMLBSPREAD-26JUN151910NYMCIN-CIN10,spread_run_line,NYM@CIN,NYM,CIN,2026-06-16T00:31:47.467611+00:00,2026-06-16T04:32:47.419478+00:00,47,314.3,2463.3,2,35,42,7,7,7,199.94,199.94,False,True,False,stale
KXMLBSPREAD-26JUN151910NYMCIN-CIN6,spread_run_line,NYM@CIN,NYM,CIN,2026-06-16T00:31:47.467611+00:00,2026-06-16T04:32:47.419478+00:00,47,314.3,2463.3,2,77,93,16,16,16,199.94,199.94,False,True,False,stale
KXMLBSPREAD-26JUN151910NYMCIN-CIN7,spread_run_line,NYM@CIN,NYM,CIN,2026-06-16T00:31:47.467611+00:00,2026-06-16T04:32:47.419478+00:00,47,314.3,2463.3,2,68,85,17,17,17,199.94,199.94,False,True,False,stale
KXMLBSPREAD-26JUN151910NYMCIN-CIN12,spread_run_line,NYM@CIN,NYM,CIN,2026-06-16T00:31:47.467611+00:00,2026-06-16T04:32:47.419478+00:00,47,314.3,2463.3,2,28,33,5,5,5,199.94,199.94,False,True,False,stale
KXMLBSPREAD-26JUN151910NYMCIN-CIN5,spread_run_line,NYM@CIN,NYM,CIN,2026-06-16T00:31:47.467611+00:00,2026-06-16T04:32:47.419478+00:00,47,314.3,2463.3,2,82,94,12,12,12,199.94,199.94,False,True,False,stale
KXMLBSPREAD-26JUN151910NYMCIN-CIN9,spread_run_line,NYM@CIN,NYM,CIN,2026-06-16T00:31:47.467611+00:00,2026-06-16T04:32:47.419478+00:00,47,314.3,2463.3,2,48,59,11,11,11,199.94,199.94,False,True,False,stale
KXMLBSPREAD-26JUN151910NYMCIN-CIN11,spread_run_line,NYM@CIN,NYM,CIN,2026-06-16T00:31:47.467611+00:00,2026-06-16T04:32:47.419478+00:00,47,314.3,2463.3,2,31,37,6,6,6,199.94,199.94,False,True,False,stale
KXMLBSPREAD-26JUN151910NYMCIN-CIN8,spread_run_line,NYM@CIN,NYM,CIN,2026-06-16T00:31:47.467611+00:00,2026-06-16T04:32:47.419478+00:00,47,314.3,2463.3,2,59,78,19,19,19,199.94,199.94,False,True,False,stale
KXMLBSPREAD-26JUN151840MIAPHI-PHI8,spread_run_line,MIA@PHI,MIA,PHI,2026-06-16T00:31:47.467611+00:00,2026-06-16T04:32:47.419478+00:00,47,314.3,2463.3,2,16,33,17,17,17,199.94,199.94,False,True,False,stale
KXMLBSPREAD-26JUN151840MIAPHI-PHI7,spread_run_line,MIA@PHI,MIA,PHI,2026-06-16T00:31:47.467611+00:00,2026-06-16T04:32:47.419478+00:00,47,314.3,2463.3,2,22,42,20,20,20,199.94,199.94,False,True,False,stale
KXMLBSPREAD-26JUN151840MIAPHI-PHI6,spread_run_line,MIA@PHI,MIA,PHI,2026-06-16T00:31:47.467611+00:00,2026-06-16T04:32:47.419478+00:00,47,314.3,2463.3,2,39,72,33,33,33,199.94,199.94,False,True,False,stale
KXMLBSPREAD-26JUN151840MIAPHI-PHI5,spread_run_line,MIA@PHI,MIA,PHI,2026-06-16T00:31:47.467611+00:00,2026-06-16T04:32:47.419478+00:00,47,314.3,2463.3,2,65,90,25,25,25,199.94,199.94,False,True,False,stale
KXMLBSPREAD-26JUN152010DETHOU-DET7,spread_run_line,DET@HOU,DET,HOU,2026-06-16T01:12:50.760654+00:00,2026-06-16T04:32:47.419478+00:00,46,266.6,307.9,0,,,0,0,0,0.0,0.0,False,False,False,insufficient_tape
KXMLBSPREAD-26JUN152010DETHOU-DET6,spread_run_line,DET@HOU,DET,HOU,2026-06-16T01:12:50.760654+00:00,2026-06-16T04:32:47.419478+00:00,46,266.6,307.9,1,36,36,0,0,0,199.94,199.94,False,False,False,stale
KXMLBSPREAD-26JUN152010DETHOU-DET8,spread_run_line,DET@HOU,DET,HOU,2026-06-16T01:12:50.760654+00:00,2026-06-16T04:32:47.419478+00:00,46,266.6,307.9,0,,,0,0,0,0.0,0.0,False,False,False,insufficient_tape
KXMLBSPREAD-26JUN152010DETHOU-DET5,spread_run_line,DET@HOU,DET,HOU,2026-06-16T01:12:50.760654+00:00,2026-06-16T04:32:47.419478+00:00,46,266.6,307.9,1,48,48,0,0,0,199.94,199.94,False,False,False,stale
KXMLBSPREAD-26JUN151945SDSTL-STL6,spread_run_line,SD@STL,SD,STL,2026-06-16T01:12:50.760654+00:00,2026-06-16T04:32:47.419478+00:00,46,266.6,307.9,1,32,32,0,0,0,199.94,199.94,False,False,False,stale
KXMLBSPREAD-26JUN151945SDSTL-STL5,spread_run_line,SD@STL,SD,STL,2026-06-16T01:12:50.760654+00:00,2026-06-16T04:32:47.419478+00:00,46,266.6,307.9,1,31,31,0,0,0,199.94,199.94,False,False,False,stale
KXMLBTEAMTOTAL-26JUN152210TBLAD-TB5,team_total,TB@LAD,TB,LAD,2026-06-15T16:52:33.564746+00:00,2026-06-16T04:32:47.419478+00:00,158,267.6,3764.1,2,42,43,1,2,1,689.24,241.0,False,False,False,stale
KXMLBTEAMTOTAL-26JUN152210TBLAD-LAD8,team_total,TB@LAD,TB,LAD,2026-06-15T16:52:33.564746+00:00,2026-06-16T04:32:47.419478+00:00,158,267.6,3764.1,2,21,22,1,1,1,694.18,469.08,False,False,False,stale
KXMLBTEAMTOTAL-26JUN152210TBLAD-LAD4,team_total,TB@LAD,TB,LAD,2026-06-15T16:52:33.564746+00:00,2026-06-16T04:32:47.419478+00:00,158,267.6,3764.1,2,68,69,1,1,1,694.18,469.08,False,False,False,stale
KXMLBTEAMTOTAL-26JUN152210TBLAD-TB2,team_total,TB@LAD,TB,LAD,2026-06-15T16:52:33.564746+00:00,2026-06-16T04:32:47.419478+00:00,158,267.6,3764.1,2,83,84,1,2,1,653.13,228.08,False,False,False,stale
KXMLBTEAMTOTAL-26JUN152210TBLAD-LAD6,team_total,TB@LAD,TB,LAD,2026-06-15T16:52:33.564746+00:00,2026-06-16T04:32:47.419478+00:00,321,131.3,3764.1,4,41,44,3,3,1,616.96,225.1,False,False,False,stale
KXMLBTEAMTOTAL-26JUN152210TBLAD-LAD2,team_total,TB@LAD,TB,LAD,2026-06-15T16:52:33.564746+00:00,2026-06-16T04:32:47.419478+00:00,158,267.6,3764.1,1,91,91,0,0,0,700.23,700.23,False,False,False,stale
KXMLBTEAMTOTAL-26JUN152210TBLAD-TB4,team_total,TB@LAD,TB,LAD,2026-06-15T16:52:33.564746+00:00,2026-06-16T04:32:47.419478+00:00,158,267.6,3764.1,3,54,57,3,3,2,653.13,228.08,False,False,False,stale
KXMLBTEAMTOTAL-26JUN152210TBLAD-LAD3,team_total,TB@LAD,TB,LAD,2026-06-15T16:52:33.564746+00:00,2026-06-16T04:32:47.419478+00:00,158,267.6,3764.1,2,81,82,1,2,1,654.24,454.29,False,False,False,stale
KXMLBTEAMTOTAL-26JUN152210TBLAD-LAD5,team_total,TB@LAD,TB,LAD,2026-06-15T16:52:33.564746+00:00,2026-06-16T04:32:47.419478+00:00,158,267.6,3764.1,3,54,56,2,2,1,689.24,241.0,False,False,False,stale
KXMLBTEAMTOTAL-26JUN152210TBLAD-TB8,team_total,TB@LAD,TB,LAD,2026-06-15T16:52:33.564746+00:00,2026-06-16T04:32:47.419478+00:00,158,267.6,3764.1,1,13,13,0,0,0,700.23,700.23,False,False,False,stale
KXMLBTEAMTOTAL-26JUN152210TBLAD-TB6,team_total,TB@LAD,TB,LAD,2026-06-15T16:52:33.564746+00:00,2026-06-16T04:32:47.419478+00:00,158,267.6,3764.1,2,30,31,1,1,1,694.18,469.08,False,False,False,stale
KXMLBTEAMTOTAL-26JUN152210TBLAD-TB7,team_total,TB@LAD,TB,LAD,2026-06-15T16:52:33.564746+00:00,2026-06-16T04:32:47.419478+00:00,158,267.6,3764.1,1,21,21,0,0,0,700.23,700.23,False,False,False,stale
KXMLBTEAMTOTAL-26JUN152210TBLAD-LAD7,team_total,TB@LAD,TB,LAD,2026-06-15T16:52:33.564746+00:00,2026-06-16T04:32:47.419478+00:00,158,267.6,3764.1,2,30,31,1,1,1,694.18,469.08,False,False,False,stale
KXMLBTEAMTOTAL-26JUN152210TBLAD-TB3,team_total,TB@LAD,TB,LAD,2026-06-15T16:52:33.564746+00:00,2026-06-16T04:32:47.419478+00:00,158,267.6,3764.1,2,69,70,1,1,1,694.18,469.08,False,False,False,stale
KXMLBTEAMTOTAL-26JUN152140PITATH-ATH5,team_total,PIT@ATH,PIT,ATH,2026-06-15T16:52:33.564746+00:00,2026-06-16T04:32:47.419478+00:00,158,267.6,3764.1,2,55,56,1,1,1,695.29,454.29,False,False,False,stale
KXMLBTEAMTOTAL-26JUN152140PITATH-PIT8,team_total,PIT@ATH,PIT,ATH,2026-06-15T16:52:33.564746+00:00,2026-06-16T04:32:47.419478+00:00,158,267.6,3764.1,1,22,22,0,0,0,700.23,700.23,False,False,False,stale
KXMLBTEAMTOTAL-26JUN152140PITATH-PIT6,team_total,PIT@ATH,PIT,ATH,2026-06-15T16:52:33.564746+00:00,2026-06-16T04:32:47.419478+00:00,158,267.6,3764.1,2,42,43,1,1,1,694.18,469.08,False,False,False,stale
KXMLBTEAMTOTAL-26JUN152140PITATH-PIT7,team_total,PIT@ATH,PIT,ATH,2026-06-15T16:52:33.564746+00:00,2026-06-16T04:32:47.419478+00:00,158,267.6,3764.1,3,31,33,2,2,1,689.24,241.0,False,False,False,stale
KXMLBTEAMTOTAL-26JUN152140PITATH-PIT5,team_total,PIT@ATH,PIT,ATH,2026-06-15T16:52:33.564746+00:00,2026-06-16T04:32:47.419478+00:00,158,267.6,3764.1,2,53,54,1,1,1,694.18,469.08,False,False,False,stale
KXMLBTEAMTOTAL-26JUN152140PITATH-ATH4,team_total,PIT@ATH,PIT,ATH,2026-06-15T16:52:33.564746+00:00,2026-06-16T04:32:47.419478+00:00,158,267.6,3764.1,2,68,69,1,1,1,694.18,469.08,False,False,False,stale
KXMLBTEAMTOTAL-26JUN152140PITATH-ATH6,team_total,PIT@ATH,PIT,ATH,2026-06-15T16:52:33.564746+00:00,2026-06-16T04:32:47.419478+00:00,158,267.6,3764.1,1,44,44,0,0,0,700.23,700.23,False,False,False,stale
KXMLBTEAMTOTAL-26JUN152140PITATH-ATH7,team_total,PIT@ATH,PIT,ATH,2026-06-15T16:52:33.564746+00:00,2026-06-16T04:32:47.419478+00:00,158,267.6,3764.1,2,32,33,1,1,1,695.29,454.29,False,False,False,stale
KXMLBTEAMTOTAL-26JUN152140PITATH-ATH2,team_total,PIT@ATH,PIT,ATH,2026-06-15T16:52:33.564746+00:00,2026-06-16T04:32:47.419478+00:00,158,267.6,3764.1,1,91,91,0,0,0,700.23,700.23,False,False,False,stale
KXMLBTEAMTOTAL-26JUN152140PITATH-PIT2,team_total,PIT@ATH,PIT,ATH,2026-06-15T16:52:33.564746+00:00,2026-06-16T04:32:47.419478+00:00,158,267.6,3764.1,1,88,88,0,0,0,700.23,700.23,False,False,False,stale
KXMLBTEAMTOTAL-26JUN152140PITATH-ATH8,team_total,PIT@ATH,PIT,ATH,2026-06-15T16:52:33.564746+00:00,2026-06-16T04:32:47.419478+00:00,158,267.6,3764.1,2,23,24,1,2,1,654.24,454.29,False,False,False,stale
KXMLBTEAMTOTAL-26JUN152140PITATH-PIT4,team_total,PIT@ATH,PIT,ATH,2026-06-15T16:52:33.564746+00:00,2026-06-16T04:32:47.419478+00:00,158,267.6,3764.1,2,65,66,1,1,1,694.18,469.08,False,False,False,stale
KXMLBTEAMTOTAL-26JUN152140PITATH-ATH3,team_total,PIT@ATH,PIT,ATH,2026-06-15T16:52:33.564746+00:00,2026-06-16T04:32:47.419478+00:00,158,267.6,3764.1,2,80,81,1,1,1,695.29,454.29,False,False,False,stale
KXMLBTEAMTOTAL-26JUN152140PITATH-PIT3,team_total,PIT@ATH,PIT,ATH,2026-06-15T16:52:33.564746+00:00,2026-06-16T04:32:47.419478+00:00,636,66.2,3764.1,1,78,78,0,0,0,611.59,561.24,False,False,False,stale
KXMLBTEAMTOTAL-26JUN152140LAAAZ-LAA2,team_total,LAA@AZ,LAA,AZ,2026-06-15T16:52:33.564746+00:00,2026-06-16T04:32:47.419478+00:00,158,267.6,3764.1,2,85,86,1,1,1,694.18,469.08,False,False,False,stale
KXMLBTEAMTOTAL-26JUN152140LAAAZ-AZ3,team_total,LAA@AZ,LAA,AZ,2026-06-15T16:52:33.564746+00:00,2026-06-16T04:32:47.419478+00:00,158,267.6,3764.1,2,76,77,1,2,1,689.24,241.0,False,False,False,stale
KXMLBTEAMTOTAL-26JUN152140LAAAZ-AZ7,team_total,LAA@AZ,LAA,AZ,2026-06-15T16:52:33.564746+00:00,2026-06-16T04:32:47.419478+00:00,158,267.6,3764.1,2,26,27,1,2,1,689.24,241.0,False,False,False,stale
KXMLBTEAMTOTAL-26JUN152140LAAAZ-LAA5,team_total,LAA@AZ,LAA,AZ,2026-06-15T16:52:33.564746+00:00,2026-06-16T04:32:47.419478+00:00,158,267.6,3764.1,2,44,46,2,2,2,695.29,454.29,False,False,False,stale
KXMLBTEAMTOTAL-26JUN152140LAAAZ-LAA6,team_total,LAA@AZ,LAA,AZ,2026-06-15T16:52:33.564746+00:00,2026-06-16T04:32:47.419478+00:00,158,267.6,3764.1,1,35,35,0,0,0,700.23,700.23,False,False,False,stale
KXMLBTEAMTOTAL-26JUN152140LAAAZ-LAA8,team_total,LAA@AZ,LAA,AZ,2026-06-15T16:52:33.564746+00:00,2026-06-16T04:32:47.419478+00:00,158,267.6,3764.1,2,15,16,1,1,1,694.18,469.08,False,False,False,stale
KXMLBTEAMTOTAL-26JUN152140LAAAZ-AZ5,team_total,LAA@AZ,LAA,AZ,2026-06-15T16:52:33.564746+00:00,2026-06-16T04:32:47.419478+00:00,158,267.6,3764.1,1,49,49,0,0,0,700.23,700.23,False,False,False,stale
KXMLBTEAMTOTAL-26JUN152140LAAAZ-AZ2,team_total,LAA@AZ,LAA,AZ,2026-06-15T16:52:33.564746+00:00,2026-06-16T04:32:47.419478+00:00,158,267.6,3764.1,1,88,88,0,0,0,700.23,700.23,False,False,False,stale
KXMLBTEAMTOTAL-26JUN152140LAAAZ-LAA4,team_total,LAA@AZ,LAA,AZ,2026-06-15T16:52:33.564746+00:00,2026-06-16T04:32:47.419478+00:00,158,267.6,3764.1,2,58,59,1,1,1,694.18,469.08,False,False,False,stale
KXMLBTEAMTOTAL-26JUN152140LAAAZ-LAA7,team_total,LAA@AZ,LAA,AZ,2026-06-15T16:52:33.564746+00:00,2026-06-16T04:32:47.419478+00:00,158,267.6,3764.1,3,22,25,3,3,2,689.24,241.0,False,False,False,stale
KXMLBTEAMTOTAL-26JUN152140LAAAZ-LAA3,team_total,LAA@AZ,LAA,AZ,2026-06-15T16:52:33.564746+00:00,2026-06-16T04:32:47.419478+00:00,158,267.6,3764.1,3,71,74,3,3,2,689.24,241.0,False,False,False,stale
KXMLBTEAMTOTAL-26JUN152140LAAAZ-AZ8,team_total,LAA@AZ,LAA,AZ,2026-06-15T16:52:33.564746+00:00,2026-06-16T04:32:47.419478+00:00,158,267.6,3764.1,2,18,19,1,2,1,689.24,241.0,False,False,False,stale
KXMLBTEAMTOTAL-26JUN152140LAAAZ-AZ4,team_total,LAA@AZ,LAA,AZ,2026-06-15T16:52:33.564746+00:00,2026-06-16T04:32:47.419478+00:00,158,267.6,3764.1,1,63,63,0,0,0,700.23,700.23,False,False,False,stale
KXMLBTEAMTOTAL-26JUN152140LAAAZ-AZ6,team_total,LAA@AZ,LAA,AZ,2026-06-15T16:52:33.564746+00:00,2026-06-16T04:32:47.419478+00:00,158,267.6,3764.1,1,37,37,0,0,0,700.23,700.23,False,False,False,stale
KXMLBTEAMTOTAL-26JUN152010DETHOU-HOU3,team_total,DET@HOU,DET,HOU,2026-06-15T16:52:33.564746+00:00,2026-06-16T04:32:47.419478+00:00,158,267.6,3764.1,4,61,75,14,14,11,648.19,225.1,True,True,False,live_responsive
KXMLBTEAMTOTAL-26JUN152010DETHOU-HOU8,team_total,DET@HOU,DET,HOU,2026-06-15T16:52:33.564746+00:00,2026-06-16T04:32:47.419478+00:00,158,267.6,3764.1,3,10,16,6,6,4,654.24,454.29,True,True,False,live_responsive
KXMLBTEAMTOTAL-26JUN152010DETHOU-HOU4,team_total,DET@HOU,DET,HOU,2026-06-15T16:52:33.564746+00:00,2026-06-16T04:32:47.419478+00:00,158,267.6,3764.1,3,46,60,14,14,13,654.24,454.29,True,True,False,live_responsive
KXMLBTEAMTOTAL-26JUN152010DETHOU-DET2,team_total,DET@HOU,DET,HOU,2026-06-15T16:52:33.564746+00:00,2026-06-16T04:32:47.419478+00:00,158,267.6,3764.1,3,84,99,15,15,8,654.24,454.29,True,True,False,live_responsive
KXMLBTEAMTOTAL-26JUN152010DETHOU-HOU5,team_total,DET@HOU,DET,HOU,2026-06-15T16:52:33.564746+00:00,2026-06-16T04:32:47.419478+00:00,158,267.6,3764.1,3,33,47,14,14,12,654.24,454.29,True,True,False,live_responsive
KXMLBTEAMTOTAL-26JUN152010DETHOU-DET3,team_total,DET@HOU,DET,HOU,2026-06-15T16:52:33.564746+00:00,2026-06-16T04:32:47.419478+00:00,158,267.6,3764.1,4,71,99,28,28,18,648.19,225.1,True,True,False,live_responsive
KXMLBTEAMTOTAL-26JUN152010DETHOU-HOU6,team_total,DET@HOU,DET,HOU,2026-06-15T16:52:33.564746+00:00,2026-06-16T04:32:47.419478+00:00,158,267.6,3764.1,3,25,34,9,9,8,654.24,454.29,True,True,False,live_responsive
KXMLBTEAMTOTAL-26JUN152010DETHOU-HOU2,team_total,DET@HOU,DET,HOU,2026-06-15T16:52:33.564746+00:00,2026-06-16T04:32:47.419478+00:00,191,221.1,3764.1,3,77,87,10,10,8,644.94,454.29,True,True,False,live_responsive
KXMLBTEAMTOTAL-26JUN152010DETHOU-DET8,team_total,DET@HOU,DET,HOU,2026-06-15T16:52:33.564746+00:00,2026-06-16T04:32:47.419478+00:00,158,267.6,3764.1,3,15,52,37,37,31,654.24,454.29,True,True,False,live_responsive
KXMLBTEAMTOTAL-26JUN152010DETHOU-HOU7,team_total,DET@HOU,DET,HOU,2026-06-15T16:52:33.564746+00:00,2026-06-16T04:32:47.419478+00:00,158,267.6,3764.1,3,15,24,9,9,7,654.24,454.29,True,True,False,live_responsive
KXMLBTEAMTOTAL-26JUN152010DETHOU-DET6,team_total,DET@HOU,DET,HOU,2026-06-15T16:52:33.564746+00:00,2026-06-16T04:32:47.419478+00:00,158,267.6,3764.1,4,32,87,55,56,47,648.19,225.1,True,True,False,live_responsive
KXMLBTEAMTOTAL-26JUN152010DETHOU-DET7,team_total,DET@HOU,DET,HOU,2026-06-15T16:52:33.564746+00:00,2026-06-16T04:32:47.419478+00:00,158,267.6,3764.1,4,22,69,47,48,39,648.19,225.1,True,True,False,live_responsive
KXMLBTEAMTOTAL-26JUN152010DETHOU-DET5,team_total,DET@HOU,DET,HOU,2026-06-15T16:52:33.564746+00:00,2026-06-16T04:32:47.419478+00:00,158,267.6,3764.1,3,44,99,55,55,46,654.24,454.29,True,True,False,live_responsive
KXMLBTEAMTOTAL-26JUN152010DETHOU-DET4,team_total,DET@HOU,DET,HOU,2026-06-15T16:52:33.564746+00:00,2026-06-16T04:32:47.419478+00:00,158,267.6,3764.1,3,57,99,42,42,31,654.24,454.29,True,True,False,live_responsive
KXMLBTEAMTOTAL-26JUN152005MINTEX-TEX8,team_total,MIN@TEX,MIN,TEX,2026-06-15T16:52:33.564746+00:00,2026-06-16T04:32:47.419478+00:00,158,267.6,3764.1,4,10,16,6,8,5,648.19,225.1,False,True,False,live_responsive
KXMLBTEAMTOTAL-26JUN152005MINTEX-MIN4,team_total,MIN@TEX,MIN,TEX,2026-06-15T16:52:33.564746+00:00,2026-06-16T04:32:47.419478+00:00,158,267.6,3764.1,4,47,90,43,49,41,648.19,225.1,False,True,False,live_responsive
KXMLBTEAMTOTAL-26JUN152005MINTEX-MIN2,team_total,MIN@TEX,MIN,TEX,2026-06-15T16:52:33.564746+00:00,2026-06-16T04:32:47.419478+00:00,158,267.6,3764.1,3,78,99,21,21,20,689.24,241.0,False,True,False,live_responsive
KXMLBTEAMTOTAL-26JUN152005MINTEX-MIN3,team_total,MIN@TEX,MIN,TEX,2026-06-15T16:52:33.564746+00:00,2026-06-16T04:32:47.419478+00:00,158,267.6,3764.1,3,62,99,37,37,36,689.24,241.0,False,True,False,live_responsive
KXMLBTEAMTOTAL-26JUN152005MINTEX-MIN5,team_total,MIN@TEX,MIN,TEX,2026-06-15T16:52:33.564746+00:00,2026-06-16T04:32:47.419478+00:00,158,267.6,3764.1,4,33,77,44,61,42,648.19,225.1,False,True,False,live_responsive
KXMLBTEAMTOTAL-26JUN152005MINTEX-TEX2,team_total,MIN@TEX,MIN,TEX,2026-06-15T16:52:33.564746+00:00,2026-06-16T04:32:47.419478+00:00,158,267.6,3764.1,3,80,99,19,26,19,654.24,454.29,False,True,False,live_responsive
KXMLBTEAMTOTAL-26JUN152005MINTEX-MIN8,team_total,MIN@TEX,MIN,TEX,2026-06-15T16:52:33.564746+00:00,2026-06-16T04:32:47.419478+00:00,158,267.6,3764.1,4,9,36,27,27,22,648.19,225.1,False,True,False,live_responsive
KXMLBTEAMTOTAL-26JUN152005MINTEX-TEX5,team_total,MIN@TEX,MIN,TEX,2026-06-15T16:52:33.564746+00:00,2026-06-16T04:32:47.419478+00:00,158,267.6,3764.1,3,41,50,9,14,9,654.24,454.29,False,True,False,live_responsive
KXMLBTEAMTOTAL-26JUN152005MINTEX-MIN6,team_total,MIN@TEX,MIN,TEX,2026-06-15T16:52:33.564746+00:00,2026-06-16T04:32:47.419478+00:00,158,267.6,3764.1,4,23,61,38,44,37,648.19,225.1,False,True,False,live_responsive
KXMLBTEAMTOTAL-26JUN152005MINTEX-TEX4,team_total,MIN@TEX,MIN,TEX,2026-06-15T16:52:33.564746+00:00,2026-06-16T04:32:47.419478+00:00,158,267.6,3764.1,3,53,58,5,9,5,654.24,454.29,False,True,False,live_responsive
KXMLBTEAMTOTAL-26JUN152005MINTEX-TEX3,team_total,MIN@TEX,MIN,TEX,2026-06-15T16:52:33.564746+00:00,2026-06-16T04:32:47.419478+00:00,158,267.6,3764.1,4,64,73,9,9,5,648.19,225.1,False,True,False,live_responsive
KXMLBTEAMTOTAL-26JUN152005MINTEX-TEX6,team_total,MIN@TEX,MIN,TEX,2026-06-15T16:52:33.564746+00:00,2026-06-16T04:32:47.419478+00:00,158,267.6,3764.1,3,20,33,13,13,9,654.24,454.29,False,True,False,live_responsive
KXMLBTEAMTOTAL-26JUN152005MINTEX-TEX7,team_total,MIN@TEX,MIN,TEX,2026-06-15T16:52:33.564746+00:00,2026-06-16T04:32:47.419478+00:00,158,267.6,3764.1,4,21,36,15,17,15,648.19,225.1,False,True,False,live_responsive
KXMLBTEAMTOTAL-26JUN152005MINTEX-MIN7,team_total,MIN@TEX,MIN,TEX,2026-06-15T16:52:33.564746+00:00,2026-06-16T04:32:47.419478+00:00,158,267.6,3764.1,4,14,45,31,38,28,648.19,225.1,False,True,False,live_responsive
KXMLBTEAMTOTAL-26JUN152005COLCHC-COL3,team_total,COL@CHC,COL,CHC,2026-06-15T16:52:33.564746+00:00,2026-06-16T04:32:47.419478+00:00,158,267.6,3764.1,3,37,66,29,29,21,654.24,454.29,False,True,False,live_responsive
KXMLBTEAMTOTAL-26JUN152005COLCHC-CHC3,team_total,COL@CHC,COL,CHC,2026-06-15T16:52:33.564746+00:00,2026-06-16T04:32:47.419478+00:00,158,267.6,3764.1,4,69,88,19,24,19,648.19,225.1,False,True,False,live_responsive
KXMLBTEAMTOTAL-26JUN152005COLCHC-CHC2,team_total,COL@CHC,COL,CHC,2026-06-15T16:52:33.564746+00:00,2026-06-16T04:32:47.419478+00:00,158,267.6,3764.1,3,87,93,6,7,6,654.24,454.29,False,True,False,live_responsive
KXMLBTEAMTOTAL-26JUN152005COLCHC-CHC6,team_total,COL@CHC,COL,CHC,2026-06-15T16:52:33.564746+00:00,2026-06-16T04:32:47.419478+00:00,158,267.6,3764.1,3,24,51,27,31,27,654.24,454.29,False,True,False,live_responsive
KXMLBTEAMTOTAL-26JUN152005COLCHC-COL2,team_total,COL@CHC,COL,CHC,2026-06-15T16:52:33.564746+00:00,2026-06-16T04:32:47.419478+00:00,158,267.6,3764.1,4,52,82,30,30,22,648.19,225.1,False,True,False,live_responsive
KXMLBTEAMTOTAL-26JUN152005COLCHC-CHC8,team_total,COL@CHC,COL,CHC,2026-06-15T16:52:33.564746+00:00,2026-06-16T04:32:47.419478+00:00,158,267.6,3764.1,3,11,27,16,17,16,654.24,454.29,False,True,False,live_responsive
KXMLBTEAMTOTAL-26JUN152005COLCHC-CHC4,team_total,COL@CHC,COL,CHC,2026-06-15T16:52:33.564746+00:00,2026-06-16T04:32:47.419478+00:00,158,267.6,3764.1,3,51,77,26,31,26,654.24,454.29,False,True,False,live_responsive
KXMLBTEAMTOTAL-26JUN152005COLCHC-CHC7,team_total,COL@CHC,COL,CHC,2026-06-15T16:52:33.564746+00:00,2026-06-16T04:32:47.419478+00:00,158,267.6,3764.1,4,15,38,23,26,23,648.19,225.1,False,True,False,live_responsive
KXMLBTEAMTOTAL-26JUN152005COLCHC-CHC5,team_total,COL@CHC,COL,CHC,2026-06-15T16:52:33.564746+00:00,2026-06-16T04:32:47.419478+00:00,158,267.6,3764.1,4,37,64,27,32,27,648.19,225.1,False,True,False,live_responsive
KXMLBTEAMTOTAL-26JUN152005COLCHC-COL5,team_total,COL@CHC,COL,CHC,2026-06-15T16:52:33.564746+00:00,2026-06-16T04:32:47.419478+00:00,158,267.6,3764.1,3,15,39,24,24,16,654.24,454.29,False,True,False,live_responsive
KXMLBTEAMTOTAL-26JUN152005COLCHC-COL8,team_total,COL@CHC,COL,CHC,2026-06-15T16:52:33.564746+00:00,2026-06-16T04:32:47.419478+00:00,158,267.6,3764.1,3,6,12,6,6,4,654.24,454.29,False,True,False,live_responsive
KXMLBTEAMTOTAL-26JUN152005COLCHC-COL7,team_total,COL@CHC,COL,CHC,2026-06-15T16:52:33.564746+00:00,2026-06-16T04:32:47.419478+00:00,158,267.6,3764.1,3,8,19,11,11,6,654.24,454.29,False,True,False,live_responsive
KXMLBTEAMTOTAL-26JUN152005COLCHC-COL6,team_total,COL@CHC,COL,CHC,2026-06-15T16:52:33.564746+00:00,2026-06-16T04:32:47.419478+00:00,158,267.6,3764.1,4,11,28,17,18,10,648.19,225.1,False,True,False,live_responsive
KXMLBTEAMTOTAL-26JUN152005COLCHC-COL4,team_total,COL@CHC,COL,CHC,2026-06-15T16:52:33.564746+00:00,2026-06-16T04:32:47.419478+00:00,158,267.6,3764.1,4,23,53,30,31,20,648.19,225.1,False,True,False,live_responsive
KXMLBTEAMTOTAL-26JUN151945SDSTL-SD4,team_total,SD@STL,SD,STL,2026-06-15T16:52:33.564746+00:00,2026-06-16T04:32:47.419478+00:00,158,267.6,3764.1,3,12,51,39,39,26,654.24,454.29,False,True,False,live_responsive
KXMLBTEAMTOTAL-26JUN151945SDSTL-SD5,team_total,SD@STL,SD,STL,2026-06-15T16:52:33.564746+00:00,2026-06-16T04:32:47.419478+00:00,158,267.6,3764.1,3,9,38,29,29,21,654.24,454.29,False,True,False,live_responsive
KXMLBTEAMTOTAL-26JUN151945SDSTL-SD6,team_total,SD@STL,SD,STL,2026-06-15T16:52:33.564746+00:00,2026-06-16T04:32:47.419478+00:00,158,267.6,3764.1,4,7,29,22,24,18,648.19,225.1,False,True,False,live_responsive
KXMLBTEAMTOTAL-26JUN151945SDSTL-SD2,team_total,SD@STL,SD,STL,2026-06-15T16:52:33.564746+00:00,2026-06-16T04:32:47.419478+00:00,158,267.6,3764.1,3,33,81,48,48,24,654.24,454.29,False,True,False,live_responsive
KXMLBTEAMTOTAL-26JUN151945SDSTL-SD7,team_total,SD@STL,SD,STL,2026-06-15T16:52:33.564746+00:00,2026-06-16T04:32:47.419478+00:00,158,267.6,3764.1,4,5,18,13,14,10,648.19,225.1,False,True,False,live_responsive
KXMLBTEAMTOTAL-26JUN151945SDSTL-STL5,team_total,SD@STL,SD,STL,2026-06-15T16:52:33.564746+00:00,2026-06-16T04:32:47.419478+00:00,158,267.6,3764.1,3,26,51,25,46,25,654.24,454.29,False,True,False,live_responsive
KXMLBTEAMTOTAL-26JUN151945SDSTL-STL2,team_total,SD@STL,SD,STL,2026-06-15T16:52:33.564746+00:00,2026-06-16T04:32:47.419478+00:00,158,267.6,3764.1,4,73,99,26,42,26,648.19,225.1,False,True,False,live_responsive
KXMLBTEAMTOTAL-26JUN151945SDSTL-STL6,team_total,SD@STL,SD,STL,2026-06-15T16:52:33.564746+00:00,2026-06-16T04:32:47.419478+00:00,158,267.6,3764.1,3,16,35,19,36,19,654.24,454.29,False,True,False,live_responsive
KXMLBTEAMTOTAL-26JUN151945SDSTL-SD3,team_total,SD@STL,SD,STL,2026-06-15T16:52:33.564746+00:00,2026-06-16T04:32:47.419478+00:00,158,267.6,3764.1,3,19,66,47,47,27,654.24,454.29,False,True,False,live_responsive
KXMLBTEAMTOTAL-26JUN151945SDSTL-STL4,team_total,SD@STL,SD,STL,2026-06-15T16:52:33.564746+00:00,2026-06-16T04:32:47.419478+00:00,158,267.6,3764.1,3,37,72,35,59,35,654.24,454.29,False,True,False,live_responsive
KXMLBTEAMTOTAL-26JUN151945SDSTL-STL3,team_total,SD@STL,SD,STL,2026-06-15T16:52:33.564746+00:00,2026-06-16T04:32:47.419478+00:00,158,267.6,3764.1,4,55,99,44,65,44,648.19,225.1,False,True,False,live_responsive
KXMLBTEAMTOTAL-26JUN151945SDSTL-STL7,team_total,SD@STL,SD,STL,2026-06-15T16:52:33.564746+00:00,2026-06-16T04:32:47.419478+00:00,158,267.6,3764.1,4,11,26,15,24,14,648.19,225.1,False,True,False,live_responsive
KXMLBTEAMTOTAL-26JUN151945SDSTL-STL8,team_total,SD@STL,SD,STL,2026-06-15T16:52:33.564746+00:00,2026-06-16T04:32:47.419478+00:00,158,267.6,3764.1,4,8,18,10,14,8,648.19,225.1,False,True,False,live_responsive
KXMLBTEAMTOTAL-26JUN151945SDSTL-SD8,team_total,SD@STL,SD,STL,2026-06-15T16:52:33.564746+00:00,2026-06-16T04:32:47.419478+00:00,158,267.6,3764.1,3,4,11,7,7,5,654.24,454.29,False,True,False,live_responsive
KXMLBTEAMTOTAL-26JUN151910NYMCIN-CIN3,team_total,NYM@CIN,NYM,CIN,2026-06-15T16:52:33.564746+00:00,2026-06-16T04:32:47.419478+00:00,158,267.6,3764.1,3,73,99,26,27,26,689.24,241.0,False,False,False,slow_but_moving
KXMLBTEAMTOTAL-26JUN151910NYMCIN-CIN8,team_total,NYM@CIN,NYM,CIN,2026-06-15T16:52:33.564746+00:00,2026-06-16T04:32:47.419478+00:00,158,267.6,3764.1,2,15,99,84,84,84,695.29,454.29,False,False,False,stale
KXMLBTEAMTOTAL-26JUN151910NYMCIN-NYM3,team_total,NYM@CIN,NYM,CIN,2026-06-15T16:52:33.564746+00:00,2026-06-16T04:32:47.419478+00:00,158,267.6,3764.1,4,47,67,20,21,17,648.19,225.1,False,True,False,live_responsive
KXMLBTEAMTOTAL-26JUN151910NYMCIN-CIN2,team_total,NYM@CIN,NYM,CIN,2026-06-15T16:52:33.564746+00:00,2026-06-16T04:32:47.419478+00:00,158,267.6,3764.1,2,87,99,12,12,12,695.29,454.29,False,False,False,stale
KXMLBTEAMTOTAL-26JUN151910NYMCIN-NYM2,team_total,NYM@CIN,NYM,CIN,2026-06-15T16:52:33.564746+00:00,2026-06-16T04:32:47.419478+00:00,158,267.6,3764.1,3,34,82,48,48,43,654.24,454.29,False,True,False,live_responsive
KXMLBTEAMTOTAL-26JUN151910NYMCIN-CIN7,team_total,NYM@CIN,NYM,CIN,2026-06-15T16:52:33.564746+00:00,2026-06-16T04:32:47.419478+00:00,158,267.6,3764.1,2,22,99,77,77,77,695.29,454.29,False,False,False,stale
KXMLBTEAMTOTAL-26JUN151910NYMCIN-NYM7,team_total,NYM@CIN,NYM,CIN,2026-06-15T16:52:33.564746+00:00,2026-06-16T04:32:47.419478+00:00,158,267.6,3764.1,4,17,36,19,29,18,648.19,225.1,False,True,False,live_responsive
KXMLBTEAMTOTAL-26JUN151910NYMCIN-NYM6,team_total,NYM@CIN,NYM,CIN,2026-06-15T16:52:33.564746+00:00,2026-06-16T04:32:47.419478+00:00,158,267.6,3764.1,3,28,38,10,12,10,654.24,454.29,False,True,False,live_responsive
KXMLBTEAMTOTAL-26JUN151910NYMCIN-CIN5,team_total,NYM@CIN,NYM,CIN,2026-06-15T16:52:33.564746+00:00,2026-06-16T04:32:47.419478+00:00,158,267.6,3764.1,2,44,99,55,55,55,695.29,454.29,False,False,False,stale
KXMLBTEAMTOTAL-26JUN151910NYMCIN-NYM5,team_total,NYM@CIN,NYM,CIN,2026-06-15T16:52:33.564746+00:00,2026-06-16T04:32:47.419478+00:00,158,267.6,3764.1,3,36,43,7,11,7,654.24,454.29,False,True,False,live_responsive
KXMLBTEAMTOTAL-26JUN151910NYMCIN-CIN6,team_total,NYM@CIN,NYM,CIN,2026-06-15T16:52:33.564746+00:00,2026-06-16T04:32:47.419478+00:00,158,267.6,3764.1,2,32,99,67,67,67,695.29,454.29,False,False,False,stale
KXMLBTEAMTOTAL-26JUN151910NYMCIN-NYM8,team_total,NYM@CIN,NYM,CIN,2026-06-15T16:52:33.564746+00:00,2026-06-16T04:32:47.419478+00:00,158,267.6,3764.1,4,11,35,24,28,23,648.19,225.1,False,True,False,live_responsive
KXMLBTEAMTOTAL-26JUN151910NYMCIN-CIN4,team_total,NYM@CIN,NYM,CIN,2026-06-15T16:52:33.564746+00:00,2026-06-16T04:32:47.419478+00:00,158,267.6,3764.1,2,58,99,41,41,41,695.29,454.29,False,False,False,stale
KXMLBTEAMTOTAL-26JUN151910NYMCIN-NYM4,team_total,NYM@CIN,NYM,CIN,2026-06-15T16:52:33.564746+00:00,2026-06-16T04:32:47.419478+00:00,158,267.6,3764.1,2,18,52,34,34,34,659.18,459.23,False,True,False,stale
KXMLBTEAMTOTAL-26JUN151840MIAPHI-MIA4,team_total,MIA@PHI,MIA,PHI,2026-06-15T16:52:33.564746+00:00,2026-06-16T04:32:47.419478+00:00,158,267.6,3764.1,4,9,44,35,49,35,648.19,225.1,False,True,False,live_responsive
KXMLBTEAMTOTAL-26JUN151840MIAPHI-PHI4,team_total,MIA@PHI,MIA,PHI,2026-06-15T16:52:33.564746+00:00,2026-06-16T04:32:47.419478+00:00,158,267.6,3764.1,2,61,99,38,38,38,695.29,454.29,False,True,False,stale
KXMLBTEAMTOTAL-26JUN151840MIAPHI-PHI5,team_total,MIA@PHI,MIA,PHI,2026-06-15T16:52:33.564746+00:00,2026-06-16T04:32:47.419478+00:00,158,267.6,3764.1,2,48,99,51,51,51,695.29,454.29,False,True,False,stale
KXMLBTEAMTOTAL-26JUN151840MIAPHI-PHI2,team_total,MIA@PHI,MIA,PHI,2026-06-15T16:52:33.564746+00:00,2026-06-16T04:32:47.419478+00:00,158,267.6,3764.1,3,88,99,11,11,10,689.24,241.0,False,True,False,live_responsive
KXMLBTEAMTOTAL-26JUN151840MIAPHI-PHI8,team_total,MIA@PHI,MIA,PHI,2026-06-15T16:52:33.564746+00:00,2026-06-16T04:32:47.419478+00:00,158,267.6,3764.1,3,17,35,18,18,13,654.24,454.29,False,True,False,live_responsive
KXMLBTEAMTOTAL-26JUN151840MIAPHI-PHI7,team_total,MIA@PHI,MIA,PHI,2026-06-15T16:52:33.564746+00:00,2026-06-16T04:32:47.419478+00:00,158,267.6,3764.1,3,25,53,28,28,15,654.24,454.29,False,True,False,live_responsive
KXMLBTEAMTOTAL-26JUN151840MIAPHI-MIA8,team_total,MIA@PHI,MIA,PHI,2026-06-15T16:52:33.564746+00:00,2026-06-16T04:32:47.419478+00:00,158,267.6,3764.1,3,4,32,28,32,28,654.24,454.29,False,True,False,live_responsive
KXMLBTEAMTOTAL-26JUN151840MIAPHI-MIA7,team_total,MIA@PHI,MIA,PHI,2026-06-15T16:52:33.564746+00:00,2026-06-16T04:32:47.419478+00:00,158,267.6,3764.1,2,5,13,8,8,8,454.29,454.29,False,True,False,stale
KXMLBTEAMTOTAL-26JUN151840MIAPHI-PHI3,team_total,MIA@PHI,MIA,PHI,2026-06-15T16:52:33.564746+00:00,2026-06-16T04:32:47.419478+00:00,158,267.6,3764.1,2,76,99,23,23,23,695.29,454.29,False,True,False,stale
KXMLBTEAMTOTAL-26JUN151840MIAPHI-MIA6,team_total,MIA@PHI,MIA,PHI,2026-06-15T16:52:33.564746+00:00,2026-06-16T04:32:47.419478+00:00,158,267.6,3764.1,3,6,32,26,40,26,654.24,454.29,False,True,False,live_responsive
KXMLBTEAMTOTAL-26JUN151840MIAPHI-MIA5,team_total,MIA@PHI,MIA,PHI,2026-06-15T16:52:33.564746+00:00,2026-06-16T04:32:47.419478+00:00,158,267.6,3764.1,4,5,33,28,55,28,648.19,225.1,False,True,False,live_responsive
KXMLBTEAMTOTAL-26JUN151840MIAPHI-MIA3,team_total,MIA@PHI,MIA,PHI,2026-06-15T16:52:33.564746+00:00,2026-06-16T04:32:47.419478+00:00,158,267.6,3764.1,4,17,58,41,61,41,648.19,225.1,False,True,False,live_responsive
KXMLBTEAMTOTAL-26JUN151840MIAPHI-MIA2,team_total,MIA@PHI,MIA,PHI,2026-06-15T16:52:33.564746+00:00,2026-06-16T04:32:47.419478+00:00,158,267.6,3764.1,4,31,76,45,51,45,648.19,225.1,False,True,False,live_responsive
KXMLBTEAMTOTAL-26JUN151840MIAPHI-PHI6,team_total,MIA@PHI,MIA,PHI,2026-06-15T16:52:33.564746+00:00,2026-06-16T04:32:47.419478+00:00,158,267.6,3764.1,3,35,61,26,50,26,654.24,454.29,False,True,False,live_responsive
