market_ticker,market_type,is_priority,is_polled,bucket,last_snap_at,yes_bid,yes_ask
KXMLBGAME-26JUN222210ATLSD-SD,moneyline,True,True,fresh_empty_book,2026-06-22T21:54:54.975068+00:00,1,99
KXMLBGAME-26JUN222210ATLSD-ATL,moneyline,True,True,fresh_empty_book,2026-06-22T21:54:54.975068+00:00,1,99
KXMLBGAME-26JUN222138BALLAA-LAA,moneyline,True,True,fresh_empty_book,2026-06-22T21:54:54.975068+00:00,1,99
KXMLBGAME-26JUN222138BALLAA-BAL,moneyline,True,True,fresh_empty_book,2026-06-22T21:54:54.975068+00:00,1,99
KXMLBGAME-26JUN222040BOSCOL-COL,moneyline,True,True,fresh_empty_book,2026-06-22T21:54:54.975068+00:00,1,99
KXMLBGAME-26JUN222040BOSCOL-BOS,moneyline,True,True,fresh_empty_book,2026-06-22T21:54:54.975068+00:00,1,99
KXMLBGAME-26JUN221945AZSTL-STL,moneyline,True,True,fresh_empty_book,2026-06-22T21:54:54.975068+00:00,1,99
KXMLBGAME-26JUN221945AZSTL-AZ,moneyline,True,True,fresh_empty_book,2026-06-22T21:54:54.975068+00:00,1,99
KXMLBGAME-26JUN221940LADMIN-LAD,moneyline,True,True,fresh_empty_book,2026-06-22T21:54:54.975068+00:00,1,99
KXMLBGAME-26JUN221940LADMIN-MIN,moneyline,True,True,fresh_empty_book,2026-06-22T21:54:54.975068+00:00,1,99
KXMLBGAME-26JUN221940CLECWS-CWS,moneyline,True,True,fresh_empty_book,2026-06-22T21:54:54.975068+00:00,1,99
KXMLBGAME-26JUN221940CLECWS-CLE,moneyline,True,True,fresh_empty_book,2026-06-22T21:54:54.975068+00:00,1,99
KXMLBGAME-26JUN221910MILCIN-MIL,moneyline,True,True,fresh_empty_book,2026-06-22T21:54:54.975068+00:00,1,99
KXMLBGAME-26JUN221910MILCIN-CIN,moneyline,True,True,fresh_empty_book,2026-06-22T21:54:54.975068+00:00,1,99
KXMLBGAME-26JUN221910CHCNYM-CHC,moneyline,True,True,fresh_empty_book,2026-06-22T21:54:54.975068+00:00,1,99
KXMLBGAME-26JUN221910CHCNYM-NYM,moneyline,True,True,fresh_empty_book,2026-06-22T21:54:54.975068+00:00,1,99
KXMLBGAME-26JUN221907HOUTOR-HOU,moneyline,True,True,fresh_empty_book,2026-06-22T21:54:54.975068+00:00,1,99
KXMLBGAME-26JUN221907HOUTOR-TOR,moneyline,True,True,fresh_empty_book,2026-06-22T21:54:54.975068+00:00,1,99
KXMLBGAME-26JUN221845PHIWSH-WSH,moneyline,True,True,fresh_empty_book,2026-06-22T21:54:54.975068+00:00,1,99
KXMLBGAME-26JUN221845PHIWSH-PHI,moneyline,True,True,fresh_empty_book,2026-06-22T21:54:54.975068+00:00,1,99
KXMLBGAME-26JUN221840TEXMIA-MIA,moneyline,True,True,fresh_empty_book,2026-06-22T21:54:54.975068+00:00,1,99
KXMLBGAME-26JUN221840TEXMIA-TEX,moneyline,True,True,fresh_empty_book,2026-06-22T21:54:54.975068+00:00,1,99
KXMLBGAME-26JUN221840KCTB-TB,moneyline,True,True,fresh_empty_book,2026-06-22T21:54:54.975068+00:00,1,99
KXMLBGAME-26JUN221840KCTB-KC,moneyline,True,True,fresh_empty_book,2026-06-22T21:54:54.975068+00:00,1,99
KXMLBGAME-26JUN221810NYYDET-NYY,moneyline,True,True,fresh_empty_book,2026-06-22T21:54:54.975068+00:00,1,99
KXMLBGAME-26JUN221810NYYDET-DET,moneyline,True,True,fresh_empty_book,2026-06-22T21:54:54.975068+00:00,1,99
KXMLBSPREAD-26JUN222210ATLSD-ATL2,spread_run_line,False,True,fresh_empty_book,2026-06-22T21:54:54.975068+00:00,1,99
KXMLBSPREAD-26JUN222210ATLSD-SD3,spread_run_line,False,True,fresh_empty_book,2026-06-22T21:54:54.975068+00:00,1,99
KXMLBSPREAD-26JUN222210ATLSD-SD2,spread_run_line,False,True,fresh_empty_book,2026-06-22T21:54:54.975068+00:00,1,99
KXMLBSPREAD-26JUN222210ATLSD-ATL3,spread_run_line,False,True,fresh_empty_book,2026-06-22T21:54:54.975068+00:00,1,99
KXMLBSPREAD-26JUN222210ATLSD-SD4,spread_run_line,False,True,fresh_empty_book,2026-06-22T21:54:54.975068+00:00,1,99
KXMLBSPREAD-26JUN222210ATLSD-ATL4,spread_run_line,False,True,fresh_empty_book,2026-06-22T21:54:54.975068+00:00,1,99
KXMLBSPREAD-26JUN222138BALLAA-BAL2,spread_run_line,False,True,fresh_empty_book,2026-06-22T21:54:54.975068+00:00,1,99
KXMLBSPREAD-26JUN222138BALLAA-LAA2,spread_run_line,False,True,fresh_empty_book,2026-06-22T21:54:54.975068+00:00,1,99
KXMLBSPREAD-26JUN222138BALLAA-BAL4,spread_run_line,False,True,fresh_empty_book,2026-06-22T21:54:54.975068+00:00,1,99
KXMLBSPREAD-26JUN222138BALLAA-LAA4,spread_run_line,False,True,fresh_empty_book,2026-06-22T21:54:54.975068+00:00,1,99
KXMLBSPREAD-26JUN222138BALLAA-LAA3,spread_run_line,False,True,fresh_empty_book,2026-06-22T21:54:54.975068+00:00,1,99
KXMLBSPREAD-26JUN222138BALLAA-BAL3,spread_run_line,False,True,fresh_empty_book,2026-06-22T21:54:54.975068+00:00,1,99
KXMLBSPREAD-26JUN222040BOSCOL-BOS3,spread_run_line,False,True,fresh_empty_book,2026-06-22T21:54:54.975068+00:00,1,99
KXMLBSPREAD-26JUN222040BOSCOL-BOS2,spread_run_line,False,True,fresh_empty_book,2026-06-22T21:54:54.975068+00:00,1,99
KXMLBSPREAD-26JUN222040BOSCOL-COL4,spread_run_line,False,True,fresh_empty_book,2026-06-22T21:54:54.975068+00:00,1,99
KXMLBSPREAD-26JUN222040BOSCOL-COL3,spread_run_line,False,True,fresh_empty_book,2026-06-22T21:54:54.975068+00:00,1,99
KXMLBSPREAD-26JUN222040BOSCOL-COL2,spread_run_line,False,True,fresh_empty_book,2026-06-22T21:54:54.975068+00:00,1,99
KXMLBSPREAD-26JUN222040BOSCOL-BOS4,spread_run_line,False,True,fresh_empty_book,2026-06-22T21:54:54.975068+00:00,1,99
KXMLBSPREAD-26JUN221945AZSTL-AZ3,spread_run_line,False,True,fresh_empty_book,2026-06-22T21:54:54.975068+00:00,1,99
KXMLBSPREAD-26JUN221945AZSTL-AZ4,spread_run_line,False,True,fresh_empty_book,2026-06-22T21:54:54.975068+00:00,1,99
KXMLBSPREAD-26JUN221945AZSTL-AZ2,spread_run_line,False,True,fresh_empty_book,2026-06-22T21:54:54.975068+00:00,1,99
KXMLBSPREAD-26JUN221945AZSTL-STL2,spread_run_line,False,True,fresh_empty_book,2026-06-22T21:54:54.975068+00:00,1,99
KXMLBSPREAD-26JUN221945AZSTL-STL3,spread_run_line,False,True,fresh_empty_book,2026-06-22T21:54:54.975068+00:00,1,99
KXMLBSPREAD-26JUN221945AZSTL-STL4,spread_run_line,False,True,fresh_empty_book,2026-06-22T21:54:54.975068+00:00,1,99
KXMLBSPREAD-26JUN221940LADMIN-MIN2,spread_run_line,False,True,fresh_empty_book,2026-06-22T21:54:54.975068+00:00,1,99
KXMLBSPREAD-26JUN221940LADMIN-LAD4,spread_run_line,False,True,fresh_empty_book,2026-06-22T21:54:54.975068+00:00,1,99
KXMLBSPREAD-26JUN221940LADMIN-LAD2,spread_run_line,False,True,fresh_empty_book,2026-06-22T21:54:54.975068+00:00,1,99
KXMLBSPREAD-26JUN221940LADMIN-MIN3,spread_run_line,False,True,fresh_empty_book,2026-06-22T21:54:54.975068+00:00,1,99
KXMLBSPREAD-26JUN221940LADMIN-LAD3,spread_run_line,False,True,fresh_empty_book,2026-06-22T21:54:54.975068+00:00,1,99
KXMLBSPREAD-26JUN221940LADMIN-MIN4,spread_run_line,False,True,fresh_empty_book,2026-06-22T21:54:54.975068+00:00,1,99
KXMLBSPREAD-26JUN221940CLECWS-CLE3,spread_run_line,False,True,fresh_empty_book,2026-06-22T21:54:54.975068+00:00,1,99
KXMLBSPREAD-26JUN221940CLECWS-CLE4,spread_run_line,False,True,fresh_empty_book,2026-06-22T21:54:54.975068+00:00,1,99
KXMLBSPREAD-26JUN221940CLECWS-CWS2,spread_run_line,False,True,fresh_empty_book,2026-06-22T21:54:54.975068+00:00,1,99
KXMLBSPREAD-26JUN221940CLECWS-CWS4,spread_run_line,False,True,fresh_empty_book,2026-06-22T21:54:54.975068+00:00,1,99
KXMLBSPREAD-26JUN221940CLECWS-CWS3,spread_run_line,False,True,fresh_empty_book,2026-06-22T21:54:54.975068+00:00,1,99
KXMLBSPREAD-26JUN221940CLECWS-CLE2,spread_run_line,False,True,fresh_empty_book,2026-06-22T21:54:54.975068+00:00,1,99
KXMLBSPREAD-26JUN221910MILCIN-CIN3,spread_run_line,False,True,fresh_empty_book,2026-06-22T21:54:54.975068+00:00,1,99
KXMLBSPREAD-26JUN221910MILCIN-CIN4,spread_run_line,False,True,fresh_empty_book,2026-06-22T21:54:54.975068+00:00,1,99
KXMLBSPREAD-26JUN221910MILCIN-MIL4,spread_run_line,False,True,fresh_empty_book,2026-06-22T21:54:54.975068+00:00,1,99
KXMLBSPREAD-26JUN221910MILCIN-MIL2,spread_run_line,False,True,fresh_empty_book,2026-06-22T21:54:54.975068+00:00,1,99
KXMLBSPREAD-26JUN221910MILCIN-MIL3,spread_run_line,False,True,fresh_empty_book,2026-06-22T21:54:54.975068+00:00,1,99
KXMLBSPREAD-26JUN221910MILCIN-CIN2,spread_run_line,False,True,fresh_empty_book,2026-06-22T21:54:54.975068+00:00,1,99
KXMLBSPREAD-26JUN221910CHCNYM-CHC4,spread_run_line,False,True,fresh_empty_book,2026-06-22T21:54:54.975068+00:00,1,99
KXMLBSPREAD-26JUN221910CHCNYM-CHC3,spread_run_line,False,True,fresh_empty_book,2026-06-22T21:54:54.975068+00:00,1,99
KXMLBSPREAD-26JUN221910CHCNYM-NYM2,spread_run_line,False,True,fresh_empty_book,2026-06-22T21:54:54.975068+00:00,1,99
KXMLBSPREAD-26JUN221910CHCNYM-NYM4,spread_run_line,False,True,fresh_empty_book,2026-06-22T21:54:54.975068+00:00,1,99
KXMLBSPREAD-26JUN221910CHCNYM-CHC2,spread_run_line,False,True,fresh_empty_book,2026-06-22T21:54:54.975068+00:00,1,99
KXMLBSPREAD-26JUN221910CHCNYM-NYM3,spread_run_line,False,True,fresh_empty_book,2026-06-22T21:54:54.975068+00:00,1,99
KXMLBSPREAD-26JUN221907HOUTOR-HOU2,spread_run_line,False,True,fresh_empty_book,2026-06-22T21:54:54.975068+00:00,1,99
KXMLBSPREAD-26JUN221907HOUTOR-HOU3,spread_run_line,False,True,fresh_empty_book,2026-06-22T21:54:54.975068+00:00,1,99
KXMLBSPREAD-26JUN221907HOUTOR-TOR4,spread_run_line,False,True,fresh_empty_book,2026-06-22T21:54:54.975068+00:00,1,99
KXMLBSPREAD-26JUN221907HOUTOR-TOR3,spread_run_line,False,True,fresh_empty_book,2026-06-22T21:54:54.975068+00:00,1,99
KXMLBSPREAD-26JUN221907HOUTOR-HOU4,spread_run_line,False,True,fresh_empty_book,2026-06-22T21:54:54.975068+00:00,1,99
KXMLBSPREAD-26JUN221907HOUTOR-TOR2,spread_run_line,False,True,fresh_empty_book,2026-06-22T21:54:54.975068+00:00,1,99
KXMLBSPREAD-26JUN221845PHIWSH-PHI3,spread_run_line,False,True,fresh_empty_book,2026-06-22T21:54:54.975068+00:00,1,99
KXMLBSPREAD-26JUN221845PHIWSH-WSH2,spread_run_line,False,True,fresh_empty_book,2026-06-22T21:54:54.975068+00:00,1,99
KXMLBSPREAD-26JUN221845PHIWSH-WSH3,spread_run_line,False,True,fresh_empty_book,2026-06-22T21:54:54.975068+00:00,1,99
KXMLBSPREAD-26JUN221845PHIWSH-WSH4,spread_run_line,False,True,fresh_empty_book,2026-06-22T21:54:54.975068+00:00,1,99
KXMLBSPREAD-26JUN221845PHIWSH-PHI2,spread_run_line,False,True,fresh_empty_book,2026-06-22T21:54:54.975068+00:00,1,99
KXMLBSPREAD-26JUN221845PHIWSH-PHI4,spread_run_line,False,True,fresh_empty_book,2026-06-22T21:54:54.975068+00:00,1,99
KXMLBSPREAD-26JUN221840TEXMIA-MIA4,spread_run_line,False,True,fresh_empty_book,2026-06-22T21:54:54.975068+00:00,1,99
KXMLBSPREAD-26JUN221840TEXMIA-MIA3,spread_run_line,False,True,fresh_empty_book,2026-06-22T21:54:54.975068+00:00,1,99
KXMLBSPREAD-26JUN221840TEXMIA-MIA2,spread_run_line,False,True,fresh_empty_book,2026-06-22T21:54:54.975068+00:00,1,99
KXMLBSPREAD-26JUN221840TEXMIA-TEX2,spread_run_line,False,True,fresh_empty_book,2026-06-22T21:54:54.975068+00:00,1,99
KXMLBSPREAD-26JUN221840TEXMIA-TEX3,spread_run_line,False,True,fresh_empty_book,2026-06-22T21:54:54.975068+00:00,1,99
KXMLBSPREAD-26JUN221840TEXMIA-TEX4,spread_run_line,False,True,fresh_empty_book,2026-06-22T21:54:54.975068+00:00,1,99
KXMLBSPREAD-26JUN221840KCTB-KC3,spread_run_line,False,True,fresh_empty_book,2026-06-22T21:54:54.975068+00:00,1,99
KXMLBSPREAD-26JUN221840KCTB-KC4,spread_run_line,False,True,fresh_empty_book,2026-06-22T21:54:54.975068+00:00,1,99
KXMLBSPREAD-26JUN221840KCTB-TB4,spread_run_line,False,True,fresh_empty_book,2026-06-22T21:54:54.975068+00:00,1,99
KXMLBSPREAD-26JUN221840KCTB-TB2,spread_run_line,False,True,fresh_empty_book,2026-06-22T21:54:54.975068+00:00,1,99
KXMLBSPREAD-26JUN221840KCTB-TB3,spread_run_line,False,True,fresh_empty_book,2026-06-22T21:54:54.975068+00:00,1,99
KXMLBSPREAD-26JUN221840KCTB-KC2,spread_run_line,False,True,fresh_empty_book,2026-06-22T21:54:54.975068+00:00,1,99
KXMLBSPREAD-26JUN221810NYYDET-NYY4,spread_run_line,False,True,fresh_empty_book,2026-06-22T21:54:54.975068+00:00,1,99
KXMLBSPREAD-26JUN221810NYYDET-NYY3,spread_run_line,False,True,fresh_empty_book,2026-06-22T21:54:54.975068+00:00,1,99
KXMLBSPREAD-26JUN221810NYYDET-DET4,spread_run_line,False,True,fresh_empty_book,2026-06-22T21:54:54.975068+00:00,1,99
KXMLBSPREAD-26JUN221810NYYDET-DET2,spread_run_line,False,True,fresh_empty_book,2026-06-22T21:54:54.975068+00:00,1,99
KXMLBSPREAD-26JUN221810NYYDET-NYY2,spread_run_line,False,True,fresh_empty_book,2026-06-22T21:54:54.975068+00:00,1,99
KXMLBSPREAD-26JUN221810NYYDET-DET3,spread_run_line,False,True,fresh_empty_book,2026-06-22T21:54:54.975068+00:00,1,99
KXMLBTOTAL-26JUN222210ATLSD-11,full_game_total,True,True,fresh_empty_book,2026-06-22T21:54:54.975068+00:00,1,99
KXMLBTOTAL-26JUN222210ATLSD-12,full_game_total,True,True,fresh_empty_book,2026-06-22T21:54:54.975068+00:00,1,99
KXMLBTOTAL-26JUN222210ATLSD-9,full_game_total,True,True,fresh_empty_book,2026-06-22T21:54:54.975068+00:00,1,99
KXMLBTOTAL-26JUN222210ATLSD-3,full_game_total,True,True,fresh_empty_book,2026-06-22T21:54:54.975068+00:00,1,99
KXMLBTOTAL-26JUN222210ATLSD-4,full_game_total,True,True,fresh_empty_book,2026-06-22T21:54:54.975068+00:00,1,99
KXMLBTOTAL-26JUN222210ATLSD-7,full_game_total,True,True,fresh_empty_book,2026-06-22T21:54:54.975068+00:00,1,99
KXMLBTOTAL-26JUN222210ATLSD-6,full_game_total,True,True,fresh_empty_book,2026-06-22T21:54:54.975068+00:00,1,99
KXMLBTOTAL-26JUN222210ATLSD-10,full_game_total,True,True,fresh_empty_book,2026-06-22T21:54:54.975068+00:00,1,99
KXMLBTOTAL-26JUN222210ATLSD-8,full_game_total,True,True,fresh_empty_book,2026-06-22T21:54:54.975068+00:00,1,99
KXMLBTOTAL-26JUN222210ATLSD-5,full_game_total,True,True,fresh_empty_book,2026-06-22T21:54:54.975068+00:00,1,99
KXMLBTOTAL-26JUN222210ATLSD-2,full_game_total,True,True,fresh_empty_book,2026-06-22T21:54:54.975068+00:00,1,99
KXMLBTOTAL-26JUN222138BALLAA-8,full_game_total,True,True,fresh_empty_book,2026-06-22T21:54:54.975068+00:00,1,99
KXMLBTOTAL-26JUN222138BALLAA-10,full_game_total,True,True,fresh_empty_book,2026-06-22T21:54:54.975068+00:00,1,99
KXMLBTOTAL-26JUN222138BALLAA-7,full_game_total,True,True,fresh_empty_book,2026-06-22T21:54:54.975068+00:00,1,99
KXMLBTOTAL-26JUN222138BALLAA-6,full_game_total,True,True,fresh_empty_book,2026-06-22T21:54:54.975068+00:00,1,99
KXMLBTOTAL-26JUN222138BALLAA-12,full_game_total,True,True,fresh_empty_book,2026-06-22T21:54:54.975068+00:00,1,99
KXMLBTOTAL-26JUN222138BALLAA-14,full_game_total,True,True,fresh_empty_book,2026-06-22T21:54:54.975068+00:00,1,99
KXMLBTOTAL-26JUN222138BALLAA-9,full_game_total,True,True,fresh_empty_book,2026-06-22T21:54:54.975068+00:00,1,99
KXMLBTOTAL-26JUN222138BALLAA-13,full_game_total,True,True,fresh_empty_book,2026-06-22T21:54:54.975068+00:00,1,99
KXMLBTOTAL-26JUN222138BALLAA-5,full_game_total,True,True,fresh_empty_book,2026-06-22T21:54:54.975068+00:00,1,99
KXMLBTOTAL-26JUN222138BALLAA-4,full_game_total,True,True,fresh_empty_book,2026-06-22T21:54:54.975068+00:00,1,99
KXMLBTOTAL-26JUN222138BALLAA-11,full_game_total,True,True,fresh_empty_book,2026-06-22T21:54:54.975068+00:00,1,99
KXMLBTOTAL-26JUN222040BOSCOL-14,full_game_total,True,True,fresh_empty_book,2026-06-22T21:54:54.975068+00:00,1,99
KXMLBTOTAL-26JUN222040BOSCOL-10,full_game_total,True,True,fresh_empty_book,2026-06-22T21:54:54.975068+00:00,1,99
KXMLBTOTAL-26JUN222040BOSCOL-13,full_game_total,True,True,fresh_empty_book,2026-06-22T21:54:54.975068+00:00,1,99
KXMLBTOTAL-26JUN222040BOSCOL-12,full_game_total,True,True,fresh_empty_book,2026-06-22T21:54:54.975068+00:00,1,99
KXMLBTOTAL-26JUN222040BOSCOL-8,full_game_total,True,True,fresh_empty_book,2026-06-22T21:54:54.975068+00:00,1,99
KXMLBTOTAL-26JUN222040BOSCOL-7,full_game_total,True,True,fresh_empty_book,2026-06-22T21:54:54.975068+00:00,1,99
KXMLBTOTAL-26JUN222040BOSCOL-16,full_game_total,True,True,fresh_empty_book,2026-06-22T21:54:54.975068+00:00,1,99
KXMLBTOTAL-26JUN222040BOSCOL-9,full_game_total,True,True,fresh_empty_book,2026-06-22T21:54:54.975068+00:00,1,99
KXMLBTOTAL-26JUN222040BOSCOL-17,full_game_total,True,True,fresh_empty_book,2026-06-22T21:54:54.975068+00:00,1,99
KXMLBTOTAL-26JUN222040BOSCOL-11,full_game_total,True,True,fresh_empty_book,2026-06-22T21:54:54.975068+00:00,1,99
KXMLBTOTAL-26JUN222040BOSCOL-15,full_game_total,True,True,fresh_empty_book,2026-06-22T21:54:54.975068+00:00,1,99
KXMLBTOTAL-26JUN221945AZSTL-13,full_game_total,True,True,fresh_empty_book,2026-06-22T21:54:54.975068+00:00,1,99
KXMLBTOTAL-26JUN221945AZSTL-6,full_game_total,True,True,fresh_empty_book,2026-06-22T21:54:54.975068+00:00,1,99
KXMLBTOTAL-26JUN221945AZSTL-7,full_game_total,True,True,fresh_empty_book,2026-06-22T21:54:54.975068+00:00,1,99
KXMLBTOTAL-26JUN221945AZSTL-11,full_game_total,True,True,fresh_empty_book,2026-06-22T21:54:54.975068+00:00,1,99
KXMLBTOTAL-26JUN221945AZSTL-9,full_game_total,True,True,fresh_empty_book,2026-06-22T21:54:54.975068+00:00,1,99
KXMLBTOTAL-26JUN221945AZSTL-12,full_game_total,True,True,fresh_empty_book,2026-06-22T21:54:54.975068+00:00,1,99
KXMLBTOTAL-26JUN221945AZSTL-5,full_game_total,True,True,fresh_empty_book,2026-06-22T21:54:54.975068+00:00,1,99
KXMLBTOTAL-26JUN221945AZSTL-4,full_game_total,True,True,fresh_empty_book,2026-06-22T21:54:54.975068+00:00,1,99
KXMLBTOTAL-26JUN221945AZSTL-10,full_game_total,True,True,fresh_empty_book,2026-06-22T21:54:54.975068+00:00,1,99
KXMLBTOTAL-26JUN221945AZSTL-3,full_game_total,True,True,fresh_empty_book,2026-06-22T21:54:54.975068+00:00,1,99
KXMLBTOTAL-26JUN221945AZSTL-8,full_game_total,True,True,fresh_empty_book,2026-06-22T21:54:54.975068+00:00,1,99
KXMLBTOTAL-26JUN221940LADMIN-7,full_game_total,True,True,fresh_empty_book,2026-06-22T21:54:54.975068+00:00,1,99
KXMLBTOTAL-26JUN221940LADMIN-14,full_game_total,True,True,fresh_empty_book,2026-06-22T21:54:54.975068+00:00,1,99
KXMLBTOTAL-26JUN221940LADMIN-5,full_game_total,True,True,fresh_empty_book,2026-06-22T21:54:54.975068+00:00,1,99
KXMLBTOTAL-26JUN221940LADMIN-11,full_game_total,True,True,fresh_empty_book,2026-06-22T21:54:54.975068+00:00,1,99
KXMLBTOTAL-26JUN221940LADMIN-10,full_game_total,True,True,fresh_empty_book,2026-06-22T21:54:54.975068+00:00,1,99
KXMLBTOTAL-26JUN221940LADMIN-12,full_game_total,True,True,fresh_empty_book,2026-06-22T21:54:54.975068+00:00,1,99
KXMLBTOTAL-26JUN221940LADMIN-8,full_game_total,True,True,fresh_empty_book,2026-06-22T21:54:54.975068+00:00,1,99
KXMLBTOTAL-26JUN221940LADMIN-13,full_game_total,True,True,fresh_empty_book,2026-06-22T21:54:54.975068+00:00,1,99
KXMLBTOTAL-26JUN221940LADMIN-9,full_game_total,True,True,fresh_empty_book,2026-06-22T21:54:54.975068+00:00,1,99
KXMLBTOTAL-26JUN221940LADMIN-6,full_game_total,True,True,fresh_empty_book,2026-06-22T21:54:54.975068+00:00,1,99
KXMLBTOTAL-26JUN221940LADMIN-4,full_game_total,True,True,fresh_empty_book,2026-06-22T21:54:54.975068+00:00,1,99
KXMLBTOTAL-26JUN221940CLECWS-4,full_game_total,True,True,fresh_empty_book,2026-06-22T21:54:54.975068+00:00,1,99
KXMLBTOTAL-26JUN221940CLECWS-13,full_game_total,True,True,fresh_empty_book,2026-06-22T21:54:54.975068+00:00,1,99
KXMLBTOTAL-26JUN221940CLECWS-12,full_game_total,True,True,fresh_empty_book,2026-06-22T21:54:54.975068+00:00,1,99
KXMLBTOTAL-26JUN221940CLECWS-9,full_game_total,True,True,fresh_empty_book,2026-06-22T21:54:54.975068+00:00,1,99
KXMLBTOTAL-26JUN221940CLECWS-7,full_game_total,True,True,fresh_empty_book,2026-06-22T21:54:54.975068+00:00,1,99
KXMLBTOTAL-26JUN221940CLECWS-6,full_game_total,True,True,fresh_empty_book,2026-06-22T21:54:54.975068+00:00,1,99
KXMLBTOTAL-26JUN221940CLECWS-10,full_game_total,True,True,fresh_empty_book,2026-06-22T21:54:54.975068+00:00,1,99
KXMLBTOTAL-26JUN221940CLECWS-8,full_game_total,True,True,fresh_empty_book,2026-06-22T21:54:54.975068+00:00,1,99
KXMLBTOTAL-26JUN221940CLECWS-11,full_game_total,True,True,fresh_empty_book,2026-06-22T21:54:54.975068+00:00,1,99
KXMLBTOTAL-26JUN221940CLECWS-5,full_game_total,True,True,fresh_empty_book,2026-06-22T21:54:54.975068+00:00,1,99
KXMLBTOTAL-26JUN221940CLECWS-3,full_game_total,True,True,fresh_empty_book,2026-06-22T21:54:54.975068+00:00,1,99
KXMLBTOTAL-26JUN221910MILCIN-11,full_game_total,True,True,fresh_empty_book,2026-06-22T21:54:54.975068+00:00,1,99
KXMLBTOTAL-26JUN221910MILCIN-14,full_game_total,True,True,fresh_empty_book,2026-06-22T21:54:54.975068+00:00,1,99
KXMLBTOTAL-26JUN221910MILCIN-13,full_game_total,True,True,fresh_empty_book,2026-06-22T21:54:54.975068+00:00,1,99
KXMLBTOTAL-26JUN221910MILCIN-8,full_game_total,True,True,fresh_empty_book,2026-06-22T21:54:54.975068+00:00,1,99
KXMLBTOTAL-26JUN221910MILCIN-6,full_game_total,True,True,fresh_empty_book,2026-06-22T21:54:54.975068+00:00,1,99
KXMLBTOTAL-26JUN221910MILCIN-10,full_game_total,True,True,fresh_empty_book,2026-06-22T21:54:54.975068+00:00,1,99
KXMLBTOTAL-26JUN221910MILCIN-12,full_game_total,True,True,fresh_empty_book,2026-06-22T21:54:54.975068+00:00,1,99
KXMLBTOTAL-26JUN221910MILCIN-4,full_game_total,True,True,fresh_empty_book,2026-06-22T21:54:54.975068+00:00,1,99
KXMLBTOTAL-26JUN221910MILCIN-7,full_game_total,True,True,fresh_empty_book,2026-06-22T21:54:54.975068+00:00,1,99
KXMLBTOTAL-26JUN221910MILCIN-9,full_game_total,True,True,fresh_empty_book,2026-06-22T21:54:54.975068+00:00,1,99
KXMLBTOTAL-26JUN221910MILCIN-5,full_game_total,True,True,fresh_empty_book,2026-06-22T21:54:54.975068+00:00,1,99
KXMLBTOTAL-26JUN221910CHCNYM-11,full_game_total,True,True,fresh_empty_book,2026-06-22T21:54:54.975068+00:00,1,99
KXMLBTOTAL-26JUN221910CHCNYM-8,full_game_total,True,True,fresh_empty_book,2026-06-22T21:54:54.975068+00:00,1,99
KXMLBTOTAL-26JUN221910CHCNYM-6,full_game_total,True,True,fresh_empty_book,2026-06-22T21:54:54.975068+00:00,1,99
KXMLBTOTAL-26JUN221910CHCNYM-13,full_game_total,True,True,fresh_empty_book,2026-06-22T21:54:54.975068+00:00,1,99
KXMLBTOTAL-26JUN221910CHCNYM-12,full_game_total,True,True,fresh_empty_book,2026-06-22T21:54:54.975068+00:00,1,99
KXMLBTOTAL-26JUN221910CHCNYM-9,full_game_total,True,True,fresh_empty_book,2026-06-22T21:54:54.975068+00:00,1,99
KXMLBTOTAL-26JUN221910CHCNYM-10,full_game_total,True,True,fresh_empty_book,2026-06-22T21:54:54.975068+00:00,1,99
KXMLBTOTAL-26JUN221910CHCNYM-7,full_game_total,True,True,fresh_empty_book,2026-06-22T21:54:54.975068+00:00,1,99
KXMLBTOTAL-26JUN221910CHCNYM-5,full_game_total,True,True,fresh_empty_book,2026-06-22T21:54:54.975068+00:00,1,99
KXMLBTOTAL-26JUN221910CHCNYM-4,full_game_total,True,True,fresh_empty_book,2026-06-22T21:54:54.975068+00:00,1,99
KXMLBTOTAL-26JUN221910CHCNYM-3,full_game_total,True,True,fresh_empty_book,2026-06-22T21:54:54.975068+00:00,1,99
KXMLBTOTAL-26JUN221907HOUTOR-6,full_game_total,True,True,fresh_empty_book,2026-06-22T21:54:54.975068+00:00,1,99
KXMLBTOTAL-26JUN221907HOUTOR-10,full_game_total,True,True,fresh_empty_book,2026-06-22T21:54:54.975068+00:00,1,99
KXMLBTOTAL-26JUN221907HOUTOR-9,full_game_total,True,True,fresh_empty_book,2026-06-22T21:54:54.975068+00:00,1,99
KXMLBTOTAL-26JUN221907HOUTOR-7,full_game_total,True,True,fresh_empty_book,2026-06-22T21:54:54.975068+00:00,1,99
KXMLBTOTAL-26JUN221907HOUTOR-5,full_game_total,True,True,fresh_empty_book,2026-06-22T21:54:54.975068+00:00,1,99
KXMLBTOTAL-26JUN221907HOUTOR-4,full_game_total,True,True,fresh_empty_book,2026-06-22T21:54:54.975068+00:00,1,99
KXMLBTOTAL-26JUN221907HOUTOR-12,full_game_total,True,True,fresh_empty_book,2026-06-22T21:54:54.975068+00:00,1,99
KXMLBTOTAL-26JUN221907HOUTOR-11,full_game_total,True,True,fresh_empty_book,2026-06-22T21:54:54.975068+00:00,1,99
KXMLBTOTAL-26JUN221907HOUTOR-8,full_game_total,True,True,fresh_empty_book,2026-06-22T21:54:54.975068+00:00,1,99
KXMLBTOTAL-26JUN221907HOUTOR-3,full_game_total,True,True,fresh_empty_book,2026-06-22T21:54:54.975068+00:00,1,99
KXMLBTOTAL-26JUN221907HOUTOR-2,full_game_total,True,True,fresh_empty_book,2026-06-22T21:54:54.975068+00:00,1,99
KXMLBTOTAL-26JUN221845PHIWSH-8,full_game_total,True,True,fresh_empty_book,2026-06-22T21:54:54.975068+00:00,1,99
KXMLBTOTAL-26JUN221845PHIWSH-9,full_game_total,True,True,fresh_empty_book,2026-06-22T21:54:54.975068+00:00,1,99
KXMLBTOTAL-26JUN221845PHIWSH-13,full_game_total,True,True,fresh_empty_book,2026-06-22T21:54:54.975068+00:00,1,99
KXMLBTOTAL-26JUN221845PHIWSH-12,full_game_total,True,True,fresh_empty_book,2026-06-22T21:54:54.975068+00:00,1,99
KXMLBTOTAL-26JUN221845PHIWSH-7,full_game_total,True,True,fresh_empty_book,2026-06-22T21:54:54.975068+00:00,1,99
KXMLBTOTAL-26JUN221845PHIWSH-10,full_game_total,True,True,fresh_empty_book,2026-06-22T21:54:54.975068+00:00,1,99
KXMLBTOTAL-26JUN221845PHIWSH-14,full_game_total,True,True,fresh_empty_book,2026-06-22T21:54:54.975068+00:00,1,99
KXMLBTOTAL-26JUN221845PHIWSH-11,full_game_total,True,True,fresh_empty_book,2026-06-22T21:54:54.975068+00:00,1,99
KXMLBTOTAL-26JUN221845PHIWSH-15,full_game_total,True,True,fresh_empty_book,2026-06-22T21:54:54.975068+00:00,1,99
KXMLBTOTAL-26JUN221845PHIWSH-6,full_game_total,True,True,fresh_empty_book,2026-06-22T21:54:54.975068+00:00,1,99
KXMLBTOTAL-26JUN221845PHIWSH-5,full_game_total,True,True,fresh_empty_book,2026-06-22T21:54:54.975068+00:00,1,99
KXMLBTOTAL-26JUN221840TEXMIA-10,full_game_total,True,True,fresh_empty_book,2026-06-22T21:54:54.975068+00:00,1,99
KXMLBTOTAL-26JUN221840TEXMIA-12,full_game_total,True,True,fresh_empty_book,2026-06-22T21:54:54.975068+00:00,1,99
KXMLBTOTAL-26JUN221840TEXMIA-5,full_game_total,True,True,fresh_empty_book,2026-06-22T21:54:54.975068+00:00,1,99
KXMLBTOTAL-26JUN221840TEXMIA-9,full_game_total,True,True,fresh_empty_book,2026-06-22T21:54:54.975068+00:00,1,99
KXMLBTOTAL-26JUN221840TEXMIA-6,full_game_total,True,True,fresh_empty_book,2026-06-22T21:54:54.975068+00:00,1,99
KXMLBTOTAL-26JUN221840TEXMIA-8,full_game_total,True,True,fresh_empty_book,2026-06-22T21:54:54.975068+00:00,1,99
KXMLBTOTAL-26JUN221840TEXMIA-7,full_game_total,True,True,fresh_empty_book,2026-06-22T21:54:54.975068+00:00,1,99
KXMLBTOTAL-26JUN221840TEXMIA-13,full_game_total,True,True,fresh_empty_book,2026-06-22T21:54:54.975068+00:00,1,99
KXMLBTOTAL-26JUN221840TEXMIA-4,full_game_total,True,True,fresh_empty_book,2026-06-22T21:54:54.975068+00:00,1,99
KXMLBTOTAL-26JUN221840TEXMIA-11,full_game_total,True,True,fresh_empty_book,2026-06-22T21:54:54.975068+00:00,1,99
KXMLBTOTAL-26JUN221840TEXMIA-3,full_game_total,True,True,fresh_empty_book,2026-06-22T21:54:54.975068+00:00,1,99
KXMLBTOTAL-26JUN221840KCTB-5,full_game_total,True,True,fresh_empty_book,2026-06-22T21:54:54.975068+00:00,1,99
KXMLBTOTAL-26JUN221840KCTB-3,full_game_total,True,True,fresh_empty_book,2026-06-22T21:54:54.975068+00:00,1,99
KXMLBTOTAL-26JUN221840KCTB-9,full_game_total,True,True,fresh_empty_book,2026-06-22T21:54:54.975068+00:00,1,99
KXMLBTOTAL-26JUN221840KCTB-8,full_game_total,True,True,fresh_empty_book,2026-06-22T21:54:54.975068+00:00,1,99
KXMLBTOTAL-26JUN221840KCTB-7,full_game_total,True,True,fresh_empty_book,2026-06-22T21:54:54.975068+00:00,1,99
KXMLBTOTAL-26JUN221840KCTB-10,full_game_total,True,True,fresh_empty_book,2026-06-22T21:54:54.975068+00:00,1,99
KXMLBTOTAL-26JUN221840KCTB-6,full_game_total,True,True,fresh_empty_book,2026-06-22T21:54:54.975068+00:00,1,99
KXMLBTOTAL-26JUN221840KCTB-12,full_game_total,True,True,fresh_empty_book,2026-06-22T21:54:54.975068+00:00,1,99
KXMLBTOTAL-26JUN221840KCTB-4,full_game_total,True,True,fresh_empty_book,2026-06-22T21:54:54.975068+00:00,1,99
KXMLBTOTAL-26JUN221840KCTB-11,full_game_total,True,True,fresh_empty_book,2026-06-22T21:54:54.975068+00:00,1,99
KXMLBTOTAL-26JUN221840KCTB-2,full_game_total,True,True,fresh_empty_book,2026-06-22T21:54:54.975068+00:00,1,99
KXMLBTOTAL-26JUN221810NYYDET-12,full_game_total,True,True,fresh_empty_book,2026-06-22T21:54:54.975068+00:00,1,99
KXMLBTOTAL-26JUN221810NYYDET-11,full_game_total,True,True,fresh_empty_book,2026-06-22T21:54:54.975068+00:00,1,99
KXMLBTOTAL-26JUN221810NYYDET-6,full_game_total,True,True,fresh_empty_book,2026-06-22T21:54:54.975068+00:00,1,99
KXMLBTOTAL-26JUN221810NYYDET-4,full_game_total,True,True,fresh_empty_book,2026-06-22T21:54:54.975068+00:00,1,99
KXMLBTOTAL-26JUN221810NYYDET-13,full_game_total,True,True,fresh_empty_book,2026-06-22T21:54:54.975068+00:00,1,99
KXMLBTOTAL-26JUN221810NYYDET-5,full_game_total,True,True,fresh_empty_book,2026-06-22T21:54:54.975068+00:00,1,99
KXMLBTOTAL-26JUN221810NYYDET-7,full_game_total,True,True,fresh_empty_book,2026-06-22T21:54:54.975068+00:00,1,99
KXMLBTOTAL-26JUN221810NYYDET-10,full_game_total,True,True,fresh_empty_book,2026-06-22T21:54:54.975068+00:00,1,99
KXMLBTOTAL-26JUN221810NYYDET-8,full_game_total,True,True,fresh_empty_book,2026-06-22T21:54:54.975068+00:00,1,99
KXMLBTOTAL-26JUN221810NYYDET-9,full_game_total,True,True,fresh_empty_book,2026-06-22T21:54:54.975068+00:00,1,99
KXMLBTOTAL-26JUN221810NYYDET-3,full_game_total,True,True,fresh_empty_book,2026-06-22T21:54:54.975068+00:00,1,99
KXMLBTEAMTOTAL-26JUN222210ATLSD-ATL2,team_total,True,True,fresh_empty_book,2026-06-22T21:54:54.975068+00:00,1,99
KXMLBTEAMTOTAL-26JUN222210ATLSD-SD3,team_total,True,True,fresh_empty_book,2026-06-22T21:54:54.975068+00:00,1,99
KXMLBTEAMTOTAL-26JUN222210ATLSD-SD8,team_total,True,True,fresh_empty_book,2026-06-22T21:54:54.975068+00:00,1,99
KXMLBTEAMTOTAL-26JUN222210ATLSD-ATL7,team_total,True,True,fresh_empty_book,2026-06-22T21:54:54.975068+00:00,1,99
KXMLBTEAMTOTAL-26JUN222210ATLSD-SD6,team_total,True,True,fresh_empty_book,2026-06-22T21:54:54.975068+00:00,1,99
KXMLBTEAMTOTAL-26JUN222210ATLSD-SD5,team_total,True,True,fresh_empty_book,2026-06-22T21:54:54.975068+00:00,1,99
KXMLBTEAMTOTAL-26JUN222210ATLSD-ATL6,team_total,True,True,fresh_empty_book,2026-06-22T21:54:54.975068+00:00,1,99
KXMLBTEAMTOTAL-26JUN222210ATLSD-SD4,team_total,True,True,fresh_empty_book,2026-06-22T21:54:54.975068+00:00,1,99
KXMLBTEAMTOTAL-26JUN222210ATLSD-ATL5,team_total,True,True,fresh_empty_book,2026-06-22T21:54:54.975068+00:00,1,99
KXMLBTEAMTOTAL-26JUN222210ATLSD-ATL8,team_total,True,True,fresh_empty_book,2026-06-22T21:54:54.975068+00:00,1,99
KXMLBTEAMTOTAL-26JUN222210ATLSD-SD7,team_total,True,True,fresh_empty_book,2026-06-22T21:54:54.975068+00:00,1,99
KXMLBTEAMTOTAL-26JUN222210ATLSD-ATL3,team_total,True,True,fresh_empty_book,2026-06-22T21:54:54.975068+00:00,1,99
KXMLBTEAMTOTAL-26JUN222210ATLSD-ATL4,team_total,True,True,fresh_empty_book,2026-06-22T21:54:54.975068+00:00,1,99
KXMLBTEAMTOTAL-26JUN222210ATLSD-SD2,team_total,True,True,fresh_empty_book,2026-06-22T21:54:54.975068+00:00,1,99
KXMLBTEAMTOTAL-26JUN222138BALLAA-LAA7,team_total,True,True,fresh_empty_book,2026-06-22T21:54:54.975068+00:00,1,99
KXMLBTEAMTOTAL-26JUN222138BALLAA-LAA8,team_total,True,True,fresh_empty_book,2026-06-22T21:54:54.975068+00:00,1,99
KXMLBTEAMTOTAL-26JUN222138BALLAA-BAL2,team_total,True,True,fresh_empty_book,2026-06-22T21:54:54.975068+00:00,1,99
KXMLBTEAMTOTAL-26JUN222138BALLAA-BAL7,team_total,True,True,fresh_empty_book,2026-06-22T21:54:54.975068+00:00,1,99
KXMLBTEAMTOTAL-26JUN222138BALLAA-BAL3,team_total,True,True,fresh_empty_book,2026-06-22T21:54:54.975068+00:00,1,99
KXMLBTEAMTOTAL-26JUN222138BALLAA-BAL8,team_total,True,True,fresh_with_bid_ask,2026-06-22T21:55:18.285120+00:00,21,24
KXMLBTEAMTOTAL-26JUN222138BALLAA-LAA3,team_total,True,True,fresh_empty_book,2026-06-22T21:54:54.975068+00:00,1,99
KXMLBTEAMTOTAL-26JUN222138BALLAA-LAA4,team_total,True,True,fresh_empty_book,2026-06-22T21:54:54.975068+00:00,1,99
KXMLBTEAMTOTAL-26JUN222138BALLAA-BAL6,team_total,True,True,fresh_empty_book,2026-06-22T21:54:54.975068+00:00,1,99
KXMLBTEAMTOTAL-26JUN222138BALLAA-LAA6,team_total,True,True,fresh_empty_book,2026-06-22T21:54:54.975068+00:00,1,99
KXMLBTEAMTOTAL-26JUN222138BALLAA-BAL4,team_total,True,True,fresh_empty_book,2026-06-22T21:54:54.975068+00:00,1,99
KXMLBTEAMTOTAL-26JUN222138BALLAA-LAA5,team_total,True,True,fresh_empty_book,2026-06-22T21:54:54.975068+00:00,1,99
KXMLBTEAMTOTAL-26JUN222138BALLAA-LAA2,team_total,True,True,fresh_empty_book,2026-06-22T21:54:54.975068+00:00,1,99
KXMLBTEAMTOTAL-26JUN222138BALLAA-BAL5,team_total,True,True,fresh_empty_book,2026-06-22T21:54:54.975068+00:00,1,99
KXMLBTEAMTOTAL-26JUN222040BOSCOL-BOS7,team_total,True,True,fresh_empty_book,2026-06-22T21:54:54.975068+00:00,1,99
KXMLBTEAMTOTAL-26JUN222040BOSCOL-BOS3,team_total,True,True,fresh_empty_book,2026-06-22T21:54:54.975068+00:00,1,99
KXMLBTEAMTOTAL-26JUN222040BOSCOL-COL2,team_total,True,True,fresh_empty_book,2026-06-22T21:54:54.975068+00:00,1,99
KXMLBTEAMTOTAL-26JUN222040BOSCOL-BOS4,team_total,True,True,fresh_empty_book,2026-06-22T21:54:54.975068+00:00,1,99
KXMLBTEAMTOTAL-26JUN222040BOSCOL-BOS6,team_total,True,True,fresh_empty_book,2026-06-22T21:54:54.975068+00:00,1,99
KXMLBTEAMTOTAL-26JUN222040BOSCOL-BOS5,team_total,True,True,fresh_empty_book,2026-06-22T21:54:54.975068+00:00,1,99
KXMLBTEAMTOTAL-26JUN222040BOSCOL-COL7,team_total,True,True,fresh_empty_book,2026-06-22T21:54:54.975068+00:00,1,99
KXMLBTEAMTOTAL-26JUN222040BOSCOL-BOS8,team_total,True,True,fresh_empty_book,2026-06-22T21:54:54.975068+00:00,1,99
KXMLBTEAMTOTAL-26JUN222040BOSCOL-COL3,team_total,True,True,fresh_empty_book,2026-06-22T21:54:54.975068+00:00,1,99
KXMLBTEAMTOTAL-26JUN222040BOSCOL-BOS2,team_total,True,True,fresh_empty_book,2026-06-22T21:54:54.975068+00:00,1,99
KXMLBTEAMTOTAL-26JUN222040BOSCOL-COL8,team_total,True,True,fresh_empty_book,2026-06-22T21:54:54.975068+00:00,1,99
KXMLBTEAMTOTAL-26JUN222040BOSCOL-COL6,team_total,True,True,fresh_empty_book,2026-06-22T21:54:54.975068+00:00,1,99
KXMLBTEAMTOTAL-26JUN222040BOSCOL-COL5,team_total,True,True,fresh_empty_book,2026-06-22T21:54:54.975068+00:00,1,99
KXMLBTEAMTOTAL-26JUN222040BOSCOL-COL4,team_total,True,True,fresh_empty_book,2026-06-22T21:54:54.975068+00:00,1,99
KXMLBTEAMTOTAL-26JUN221945AZSTL-STL3,team_total,True,True,fresh_empty_book,2026-06-22T21:54:54.975068+00:00,1,99
KXMLBTEAMTOTAL-26JUN221945AZSTL-STL2,team_total,True,True,fresh_with_bid_ask,2026-06-22T21:55:20.283970+00:00,88,89
KXMLBTEAMTOTAL-26JUN221945AZSTL-AZ3,team_total,True,True,fresh_empty_book,2026-06-22T21:54:54.975068+00:00,1,99
KXMLBTEAMTOTAL-26JUN221945AZSTL-AZ8,team_total,True,True,fresh_empty_book,2026-06-22T21:54:54.975068+00:00,1,99
KXMLBTEAMTOTAL-26JUN221945AZSTL-STL6,team_total,True,True,fresh_empty_book,2026-06-22T21:54:54.975068+00:00,1,99
KXMLBTEAMTOTAL-26JUN221945AZSTL-STL7,team_total,True,True,fresh_empty_book,2026-06-22T21:54:54.975068+00:00,1,99
KXMLBTEAMTOTAL-26JUN221945AZSTL-STL8,team_total,True,True,fresh_with_bid_ask,2026-06-22T21:55:20.283185+00:00,17,18
KXMLBTEAMTOTAL-26JUN221945AZSTL-AZ6,team_total,True,True,fresh_empty_book,2026-06-22T21:54:54.975068+00:00,1,99
KXMLBTEAMTOTAL-26JUN221945AZSTL-AZ7,team_total,True,True,fresh_empty_book,2026-06-22T21:54:54.975068+00:00,1,99
KXMLBTEAMTOTAL-26JUN221945AZSTL-AZ2,team_total,True,True,fresh_empty_book,2026-06-22T21:54:54.975068+00:00,1,99
KXMLBTEAMTOTAL-26JUN221945AZSTL-STL5,team_total,True,True,fresh_with_bid_ask,2026-06-22T21:55:18.284132+00:00,49,50
KXMLBTEAMTOTAL-26JUN221945AZSTL-AZ5,team_total,True,True,fresh_empty_book,2026-06-22T21:54:54.975068+00:00,1,99
KXMLBTEAMTOTAL-26JUN221945AZSTL-STL4,team_total,True,True,fresh_empty_book,2026-06-22T21:54:54.975068+00:00,1,99
KXMLBTEAMTOTAL-26JUN221945AZSTL-AZ4,team_total,True,True,fresh_empty_book,2026-06-22T21:54:54.975068+00:00,1,99
KXMLBTEAMTOTAL-26JUN221940LADMIN-MIN5,team_total,True,True,fresh_empty_book,2026-06-22T21:54:54.975068+00:00,1,99
KXMLBTEAMTOTAL-26JUN221940LADMIN-LAD2,team_total,True,True,fresh_empty_book,2026-06-22T21:54:54.975068+00:00,1,99
KXMLBTEAMTOTAL-26JUN221940LADMIN-LAD6,team_total,True,True,fresh_empty_book,2026-06-22T21:54:54.975068+00:00,1,99
KXMLBTEAMTOTAL-26JUN221940LADMIN-LAD7,team_total,True,True,fresh_with_bid_ask,2026-06-22T21:55:01.283311+00:00,35,36
KXMLBTEAMTOTAL-26JUN221940LADMIN-LAD3,team_total,True,True,fresh_empty_book,2026-06-22T21:54:54.975068+00:00,1,99
KXMLBTEAMTOTAL-26JUN221940LADMIN-MIN4,team_total,True,True,fresh_empty_book,2026-06-22T21:54:54.975068+00:00,1,99
KXMLBTEAMTOTAL-26JUN221940LADMIN-LAD4,team_total,True,True,fresh_empty_book,2026-06-22T21:54:54.975068+00:00,1,99
KXMLBTEAMTOTAL-26JUN221940LADMIN-LAD5,team_total,True,True,fresh_empty_book,2026-06-22T21:54:54.975068+00:00,1,99
KXMLBTEAMTOTAL-26JUN221940LADMIN-MIN8,team_total,True,True,fresh_empty_book,2026-06-22T21:54:54.975068+00:00,1,99
KXMLBTEAMTOTAL-26JUN221940LADMIN-MIN2,team_total,True,True,fresh_empty_book,2026-06-22T21:54:54.975068+00:00,1,99
KXMLBTEAMTOTAL-26JUN221940LADMIN-LAD8,team_total,True,True,fresh_empty_book,2026-06-22T21:54:54.975068+00:00,1,99
KXMLBTEAMTOTAL-26JUN221940LADMIN-MIN3,team_total,True,True,fresh_empty_book,2026-06-22T21:54:54.975068+00:00,1,99
KXMLBTEAMTOTAL-26JUN221940LADMIN-MIN6,team_total,True,True,fresh_empty_book,2026-06-22T21:54:54.975068+00:00,1,99
KXMLBTEAMTOTAL-26JUN221940LADMIN-MIN7,team_total,True,True,fresh_empty_book,2026-06-22T21:54:54.975068+00:00,1,99
KXMLBTEAMTOTAL-26JUN221940CLECWS-CLE8,team_total,True,True,fresh_empty_book,2026-06-22T21:54:54.975068+00:00,1,99
KXMLBTEAMTOTAL-26JUN221940CLECWS-CLE3,team_total,True,True,fresh_empty_book,2026-06-22T21:54:54.975068+00:00,1,99
KXMLBTEAMTOTAL-26JUN221940CLECWS-CWS4,team_total,True,True,fresh_empty_book,2026-06-22T21:54:54.975068+00:00,1,99
KXMLBTEAMTOTAL-26JUN221940CLECWS-CWS8,team_total,True,True,fresh_with_bid_ask,2026-06-22T21:55:19.288102+00:00,10,11
KXMLBTEAMTOTAL-26JUN221940CLECWS-CWS6,team_total,True,True,fresh_empty_book,2026-06-22T21:54:54.975068+00:00,1,99
KXMLBTEAMTOTAL-26JUN221940CLECWS-CWS3,team_total,True,True,fresh_empty_book,2026-06-22T21:54:54.975068+00:00,1,99
KXMLBTEAMTOTAL-26JUN221940CLECWS-CLE6,team_total,True,True,fresh_empty_book,2026-06-22T21:54:54.975068+00:00,1,99
KXMLBTEAMTOTAL-26JUN221940CLECWS-CLE4,team_total,True,True,fresh_empty_book,2026-06-22T21:54:54.975068+00:00,1,99
KXMLBTEAMTOTAL-26JUN221940CLECWS-CLE7,team_total,True,True,fresh_empty_book,2026-06-22T21:54:54.975068+00:00,1,99
KXMLBTEAMTOTAL-26JUN221940CLECWS-CWS5,team_total,True,True,fresh_empty_book,2026-06-22T21:54:54.975068+00:00,1,99
KXMLBTEAMTOTAL-26JUN221940CLECWS-CLE5,team_total,True,True,fresh_empty_book,2026-06-22T21:54:54.975068+00:00,1,99
KXMLBTEAMTOTAL-26JUN221940CLECWS-CWS7,team_total,True,True,fresh_empty_book,2026-06-22T21:54:54.975068+00:00,1,99
KXMLBTEAMTOTAL-26JUN221940CLECWS-CWS2,team_total,True,True,fresh_empty_book,2026-06-22T21:54:54.975068+00:00,1,99
KXMLBTEAMTOTAL-26JUN221940CLECWS-CLE2,team_total,True,True,fresh_empty_book,2026-06-22T21:54:54.975068+00:00,1,99
KXMLBTEAMTOTAL-26JUN221910MILCIN-MIL2,team_total,True,True,fresh_empty_book,2026-06-22T21:54:54.975068+00:00,1,99
KXMLBTEAMTOTAL-26JUN221910MILCIN-CIN7,team_total,True,True,fresh_empty_book,2026-06-22T21:54:54.975068+00:00,1,99
KXMLBTEAMTOTAL-26JUN221910MILCIN-CIN8,team_total,True,True,fresh_empty_book,2026-06-22T21:54:54.975068+00:00,1,99
KXMLBTEAMTOTAL-26JUN221910MILCIN-CIN3,team_total,True,True,fresh_empty_book,2026-06-22T21:54:54.975068+00:00,1,99
KXMLBTEAMTOTAL-26JUN221910MILCIN-CIN6,team_total,True,True,fresh_empty_book,2026-06-22T21:54:54.975068+00:00,1,99
KXMLBTEAMTOTAL-26JUN221910MILCIN-MIL6,team_total,True,True,fresh_empty_book,2026-06-22T21:54:54.975068+00:00,1,99
KXMLBTEAMTOTAL-26JUN221910MILCIN-MIL5,team_total,True,True,fresh_with_bid_ask,2026-06-22T21:54:59.283509+00:00,57,59
KXMLBTEAMTOTAL-26JUN221910MILCIN-CIN5,team_total,True,True,fresh_empty_book,2026-06-22T21:54:54.975068+00:00,1,99
KXMLBTEAMTOTAL-26JUN221910MILCIN-MIL8,team_total,True,True,fresh_empty_book,2026-06-22T21:54:54.975068+00:00,1,99
KXMLBTEAMTOTAL-26JUN221910MILCIN-MIL4,team_total,True,True,fresh_empty_book,2026-06-22T21:54:54.975068+00:00,1,99
KXMLBTEAMTOTAL-26JUN221910MILCIN-CIN2,team_total,True,True,fresh_empty_book,2026-06-22T21:54:54.975068+00:00,1,99
KXMLBTEAMTOTAL-26JUN221910MILCIN-MIL7,team_total,True,True,fresh_empty_book,2026-06-22T21:54:54.975068+00:00,1,99
KXMLBTEAMTOTAL-26JUN221910MILCIN-MIL3,team_total,True,True,fresh_empty_book,2026-06-22T21:54:54.975068+00:00,1,99
KXMLBTEAMTOTAL-26JUN221910MILCIN-CIN4,team_total,True,True,fresh_empty_book,2026-06-22T21:54:54.975068+00:00,1,99
KXMLBTEAMTOTAL-26JUN221910CHCNYM-CHC5,team_total,True,True,fresh_with_bid_ask,2026-06-22T21:55:19.288634+00:00,48,50
KXMLBTEAMTOTAL-26JUN221910CHCNYM-NYM5,team_total,True,True,fresh_empty_book,2026-06-22T21:54:54.975068+00:00,1,99
KXMLBTEAMTOTAL-26JUN221910CHCNYM-NYM6,team_total,True,True,fresh_empty_book,2026-06-22T21:54:54.975068+00:00,1,99
KXMLBTEAMTOTAL-26JUN221910CHCNYM-NYM3,team_total,True,True,fresh_with_bid_ask,2026-06-22T21:55:19.289160+00:00,70,72
KXMLBTEAMTOTAL-26JUN221910CHCNYM-CHC2,team_total,True,True,fresh_empty_book,2026-06-22T21:54:54.975068+00:00,1,99
KXMLBTEAMTOTAL-26JUN221910CHCNYM-CHC4,team_total,True,True,fresh_empty_book,2026-06-22T21:54:54.975068+00:00,1,99
KXMLBTEAMTOTAL-26JUN221910CHCNYM-NYM2,team_total,True,True,fresh_with_bid_ask,2026-06-22T21:55:19.290231+00:00,84,85
KXMLBTEAMTOTAL-26JUN221910CHCNYM-NYM8,team_total,True,True,fresh_empty_book,2026-06-22T21:54:54.975068+00:00,1,99
KXMLBTEAMTOTAL-26JUN221910CHCNYM-CHC3,team_total,True,True,fresh_empty_book,2026-06-22T21:54:54.975068+00:00,1,99
KXMLBTEAMTOTAL-26JUN221910CHCNYM-CHC7,team_total,True,True,fresh_empty_book,2026-06-22T21:54:54.975068+00:00,1,99
KXMLBTEAMTOTAL-26JUN221910CHCNYM-NYM4,team_total,True,True,fresh_empty_book,2026-06-22T21:54:54.975068+00:00,1,99
KXMLBTEAMTOTAL-26JUN221910CHCNYM-CHC8,team_total,True,True,fresh_empty_book,2026-06-22T21:54:54.975068+00:00,1,99
KXMLBTEAMTOTAL-26JUN221910CHCNYM-CHC6,team_total,True,True,fresh_empty_book,2026-06-22T21:54:54.975068+00:00,1,99
KXMLBTEAMTOTAL-26JUN221910CHCNYM-NYM7,team_total,True,True,fresh_empty_book,2026-06-22T21:54:54.975068+00:00,1,99
KXMLBTEAMTOTAL-26JUN221907HOUTOR-HOU8,team_total,True,True,fresh_empty_book,2026-06-22T21:54:54.975068+00:00,1,99
KXMLBTEAMTOTAL-26JUN221907HOUTOR-TOR2,team_total,True,True,fresh_empty_book,2026-06-22T21:54:54.975068+00:00,1,99
KXMLBTEAMTOTAL-26JUN221907HOUTOR-HOU2,team_total,True,True,fresh_empty_book,2026-06-22T21:54:54.975068+00:00,1,99
KXMLBTEAMTOTAL-26JUN221907HOUTOR-TOR5,team_total,True,True,fresh_empty_book,2026-06-22T21:54:54.975068+00:00,1,99
KXMLBTEAMTOTAL-26JUN221907HOUTOR-HOU5,team_total,True,True,fresh_empty_book,2026-06-22T21:54:54.975068+00:00,1,99
KXMLBTEAMTOTAL-26JUN221907HOUTOR-TOR8,team_total,True,True,fresh_with_bid_ask,2026-06-22T21:55:18.284678+00:00,10,11
KXMLBTEAMTOTAL-26JUN221907HOUTOR-HOU4,team_total,True,True,fresh_empty_book,2026-06-22T21:54:54.975068+00:00,1,99
KXMLBTEAMTOTAL-26JUN221907HOUTOR-TOR6,team_total,True,True,fresh_empty_book,2026-06-22T21:54:54.975068+00:00,1,99
KXMLBTEAMTOTAL-26JUN221907HOUTOR-TOR3,team_total,True,True,fresh_empty_book,2026-06-22T21:54:54.975068+00:00,1,99
KXMLBTEAMTOTAL-26JUN221907HOUTOR-TOR4,team_total,True,True,fresh_empty_book,2026-06-22T21:54:54.975068+00:00,1,99
KXMLBTEAMTOTAL-26JUN221907HOUTOR-HOU7,team_total,True,True,fresh_empty_book,2026-06-22T21:54:54.975068+00:00,1,99
KXMLBTEAMTOTAL-26JUN221907HOUTOR-HOU3,team_total,True,True,fresh_empty_book,2026-06-22T21:54:54.975068+00:00,1,99
KXMLBTEAMTOTAL-26JUN221907HOUTOR-TOR7,team_total,True,True,fresh_empty_book,2026-06-22T21:54:54.975068+00:00,1,99
KXMLBTEAMTOTAL-26JUN221907HOUTOR-HOU6,team_total,True,True,fresh_empty_book,2026-06-22T21:54:54.975068+00:00,1,99
KXMLBTEAMTOTAL-26JUN221845PHIWSH-WSH3,team_total,True,True,fresh_empty_book,2026-06-22T21:54:54.975068+00:00,1,99
KXMLBTEAMTOTAL-26JUN221845PHIWSH-PHI2,team_total,True,True,fresh_empty_book,2026-06-22T21:54:54.975068+00:00,1,99
KXMLBTEAMTOTAL-26JUN221845PHIWSH-PHI5,team_total,True,True,fresh_empty_book,2026-06-22T21:54:54.975068+00:00,1,99
KXMLBTEAMTOTAL-26JUN221845PHIWSH-WSH4,team_total,True,True,fresh_empty_book,2026-06-22T21:54:54.975068+00:00,1,99
KXMLBTEAMTOTAL-26JUN221845PHIWSH-PHI4,team_total,True,True,fresh_empty_book,2026-06-22T21:54:54.975068+00:00,1,99
KXMLBTEAMTOTAL-26JUN221845PHIWSH-PHI3,team_total,True,True,fresh_with_bid_ask,2026-06-22T21:55:17.283344+00:00,76,77
KXMLBTEAMTOTAL-26JUN221845PHIWSH-WSH6,team_total,True,True,fresh_empty_book,2026-06-22T21:54:54.975068+00:00,1,99
KXMLBTEAMTOTAL-26JUN221845PHIWSH-PHI6,team_total,True,True,fresh_empty_book,2026-06-22T21:54:54.975068+00:00,1,99
KXMLBTEAMTOTAL-26JUN221845PHIWSH-WSH5,team_total,True,True,fresh_empty_book,2026-06-22T21:54:54.975068+00:00,1,99
KXMLBTEAMTOTAL-26JUN221845PHIWSH-WSH7,team_total,True,True,fresh_empty_book,2026-06-22T21:54:54.975068+00:00,1,99
KXMLBTEAMTOTAL-26JUN221845PHIWSH-PHI8,team_total,True,True,fresh_empty_book,2026-06-22T21:54:54.975068+00:00,1,99
KXMLBTEAMTOTAL-26JUN221845PHIWSH-WSH8,team_total,True,True,fresh_empty_book,2026-06-22T21:54:54.975068+00:00,1,99
KXMLBTEAMTOTAL-26JUN221845PHIWSH-PHI7,team_total,True,True,fresh_empty_book,2026-06-22T21:54:54.975068+00:00,1,99
KXMLBTEAMTOTAL-26JUN221845PHIWSH-WSH2,team_total,True,True,fresh_empty_book,2026-06-22T21:54:54.975068+00:00,1,99
KXMLBTEAMTOTAL-26JUN221840TEXMIA-MIA5,team_total,True,True,fresh_empty_book,2026-06-22T21:54:54.975068+00:00,1,99
KXMLBTEAMTOTAL-26JUN221840TEXMIA-TEX5,team_total,True,True,fresh_empty_book,2026-06-22T21:54:54.975068+00:00,1,99
KXMLBTEAMTOTAL-26JUN221840TEXMIA-MIA7,team_total,True,True,fresh_empty_book,2026-06-22T21:54:54.975068+00:00,1,99
KXMLBTEAMTOTAL-26JUN221840TEXMIA-TEX6,team_total,True,True,fresh_empty_book,2026-06-22T21:54:54.975068+00:00,1,99
KXMLBTEAMTOTAL-26JUN221840TEXMIA-TEX3,team_total,True,True,fresh_empty_book,2026-06-22T21:54:54.975068+00:00,1,99
KXMLBTEAMTOTAL-26JUN221840TEXMIA-MIA8,team_total,True,True,fresh_with_bid_ask,2026-06-22T21:55:19.287554+00:00,14,15
KXMLBTEAMTOTAL-26JUN221840TEXMIA-MIA2,team_total,True,True,fresh_empty_book,2026-06-22T21:54:54.975068+00:00,1,99
KXMLBTEAMTOTAL-26JUN221840TEXMIA-TEX2,team_total,True,True,fresh_empty_book,2026-06-22T21:54:54.975068+00:00,1,99
KXMLBTEAMTOTAL-26JUN221840TEXMIA-TEX4,team_total,True,True,fresh_empty_book,2026-06-22T21:54:54.975068+00:00,1,99
KXMLBTEAMTOTAL-26JUN221840TEXMIA-TEX7,team_total,True,True,fresh_empty_book,2026-06-22T21:54:54.975068+00:00,1,99
KXMLBTEAMTOTAL-26JUN221840TEXMIA-MIA4,team_total,True,True,fresh_empty_book,2026-06-22T21:54:54.975068+00:00,1,99
KXMLBTEAMTOTAL-26JUN221840TEXMIA-TEX8,team_total,True,True,fresh_with_bid_ask,2026-06-22T21:55:19.284875+00:00,12,13
KXMLBTEAMTOTAL-26JUN221840TEXMIA-MIA3,team_total,True,True,fresh_empty_book,2026-06-22T21:54:54.975068+00:00,1,99
KXMLBTEAMTOTAL-26JUN221840TEXMIA-MIA6,team_total,True,True,fresh_empty_book,2026-06-22T21:54:54.975068+00:00,1,99
KXMLBTEAMTOTAL-26JUN221840KCTB-TB2,team_total,True,True,fresh_empty_book,2026-06-22T21:54:54.975068+00:00,1,99
KXMLBTEAMTOTAL-26JUN221840KCTB-TB3,team_total,True,True,fresh_with_bid_ask,2026-06-22T21:55:19.286200+00:00,73,74
KXMLBTEAMTOTAL-26JUN221840KCTB-TB5,team_total,True,True,fresh_empty_book,2026-06-22T21:54:54.975068+00:00,1,99
KXMLBTEAMTOTAL-26JUN221840KCTB-TB6,team_total,True,True,fresh_empty_book,2026-06-22T21:54:54.975068+00:00,1,99
KXMLBTEAMTOTAL-26JUN221840KCTB-KC6,team_total,True,True,fresh_empty_book,2026-06-22T21:54:54.975068+00:00,1,99
KXMLBTEAMTOTAL-26JUN221840KCTB-KC5,team_total,True,True,fresh_empty_book,2026-06-22T21:54:54.975068+00:00,1,99
KXMLBTEAMTOTAL-26JUN221840KCTB-KC7,team_total,True,True,fresh_empty_book,2026-06-22T21:54:54.975068+00:00,1,99
KXMLBTEAMTOTAL-26JUN221840KCTB-TB4,team_total,True,True,fresh_empty_book,2026-06-22T21:54:54.975068+00:00,1,99
KXMLBTEAMTOTAL-26JUN221840KCTB-KC3,team_total,True,True,fresh_empty_book,2026-06-22T21:54:54.975068+00:00,1,99
KXMLBTEAMTOTAL-26JUN221840KCTB-KC4,team_total,True,True,fresh_with_bid_ask,2026-06-22T21:55:14.287334+00:00,41,42
KXMLBTEAMTOTAL-26JUN221840KCTB-TB8,team_total,True,True,fresh_empty_book,2026-06-22T21:54:54.975068+00:00,1,99
KXMLBTEAMTOTAL-26JUN221840KCTB-TB7,team_total,True,True,fresh_empty_book,2026-06-22T21:54:54.975068+00:00,1,99
KXMLBTEAMTOTAL-26JUN221840KCTB-KC2,team_total,True,True,fresh_empty_book,2026-06-22T21:54:54.975068+00:00,1,99
KXMLBTEAMTOTAL-26JUN221840KCTB-KC8,team_total,True,True,fresh_with_bid_ask,2026-06-22T21:55:19.287110+00:00,6,7
KXMLBTEAMTOTAL-26JUN221810NYYDET-NYY2,team_total,True,True,fresh_with_bid_ask,2026-06-22T21:55:19.285667+00:00,86,87
KXMLBTEAMTOTAL-26JUN221810NYYDET-DET8,team_total,True,True,fresh_with_bid_ask,2026-06-22T21:55:19.286670+00:00,11,12
KXMLBTEAMTOTAL-26JUN221810NYYDET-NYY3,team_total,True,True,fresh_empty_book,2026-06-22T21:54:54.975068+00:00,1,99
KXMLBTEAMTOTAL-26JUN221810NYYDET-NYY7,team_total,True,True,fresh_with_bid_ask,2026-06-22T21:55:14.284253+00:00,24,25
KXMLBTEAMTOTAL-26JUN221810NYYDET-DET7,team_total,True,True,fresh_empty_book,2026-06-22T21:54:54.975068+00:00,1,99
KXMLBTEAMTOTAL-26JUN221810NYYDET-DET5,team_total,True,True,fresh_with_bid_ask,2026-06-22T21:55:14.286667+00:00,39,40
KXMLBTEAMTOTAL-26JUN221810NYYDET-NYY4,team_total,True,True,fresh_with_bid_ask,2026-06-22T21:55:14.286231+00:00,60,61
KXMLBTEAMTOTAL-26JUN221810NYYDET-DET4,team_total,True,True,fresh_with_bid_ask,2026-06-22T21:55:16.282825+00:00,53,54
KXMLBTEAMTOTAL-26JUN221810NYYDET-NYY5,team_total,True,True,fresh_empty_book,2026-06-22T21:54:54.975068+00:00,1,99
KXMLBTEAMTOTAL-26JUN221810NYYDET-NYY8,team_total,True,True,fresh_with_bid_ask,2026-06-22T21:55:14.285343+00:00,16,17
KXMLBTEAMTOTAL-26JUN221810NYYDET-DET2,team_total,True,True,fresh_with_bid_ask,2026-06-22T21:55:14.287886+00:00,83,84
KXMLBTEAMTOTAL-26JUN221810NYYDET-DET3,team_total,True,True,fresh_with_bid_ask,2026-06-22T21:55:14.284860+00:00,69,70
KXMLBTEAMTOTAL-26JUN221810NYYDET-DET6,team_total,True,True,fresh_empty_book,2026-06-22T21:54:54.975068+00:00,1,99
KXMLBTEAMTOTAL-26JUN221810NYYDET-NYY6,team_total,True,True,fresh_with_bid_ask,2026-06-22T21:55:14.285772+00:00,34,35
KXMLBF5-26JUN222210ATLSD-TIE,f5_winner,True,True,fresh_empty_book,2026-06-22T21:54:54.975068+00:00,1,99
KXMLBF5-26JUN222210ATLSD-SD,f5_winner,True,True,fresh_empty_book,2026-06-22T21:54:54.975068+00:00,1,99
KXMLBF5-26JUN222210ATLSD-ATL,f5_winner,True,True,fresh_empty_book,2026-06-22T21:54:54.975068+00:00,1,99
KXMLBF5-26JUN222138BALLAA-BAL,f5_winner,True,True,fresh_empty_book,2026-06-22T21:54:54.975068+00:00,1,99
KXMLBF5-26JUN222138BALLAA-LAA,f5_winner,True,True,fresh_empty_book,2026-06-22T21:54:54.975068+00:00,1,99
KXMLBF5-26JUN222138BALLAA-TIE,f5_winner,True,True,fresh_empty_book,2026-06-22T21:54:54.975068+00:00,1,99
KXMLBF5-26JUN222040BOSCOL-BOS,f5_winner,True,True,fresh_empty_book,2026-06-22T21:54:54.975068+00:00,1,99
KXMLBF5-26JUN222040BOSCOL-TIE,f5_winner,True,True,fresh_empty_book,2026-06-22T21:54:54.975068+00:00,1,99
KXMLBF5-26JUN222040BOSCOL-COL,f5_winner,True,True,fresh_empty_book,2026-06-22T21:54:54.975068+00:00,1,99
KXMLBF5-26JUN221945AZSTL-STL,f5_winner,True,True,fresh_empty_book,2026-06-22T21:54:54.975068+00:00,1,99
KXMLBF5-26JUN221945AZSTL-TIE,f5_winner,True,True,fresh_empty_book,2026-06-22T21:54:54.975068+00:00,1,99
KXMLBF5-26JUN221945AZSTL-AZ,f5_winner,True,True,fresh_empty_book,2026-06-22T21:54:54.975068+00:00,1,99
KXMLBF5-26JUN221940LADMIN-TIE,f5_winner,True,True,fresh_empty_book,2026-06-22T21:54:54.975068+00:00,1,99
KXMLBF5-26JUN221940LADMIN-MIN,f5_winner,True,True,fresh_empty_book,2026-06-22T21:54:54.975068+00:00,1,99
KXMLBF5-26JUN221940LADMIN-LAD,f5_winner,True,True,fresh_empty_book,2026-06-22T21:54:54.975068+00:00,1,99
KXMLBF5-26JUN221940CLECWS-CLE,f5_winner,True,True,fresh_empty_book,2026-06-22T21:54:54.975068+00:00,1,99
KXMLBF5-26JUN221940CLECWS-CWS,f5_winner,True,True,fresh_empty_book,2026-06-22T21:54:54.975068+00:00,1,99
KXMLBF5-26JUN221940CLECWS-TIE,f5_winner,True,True,fresh_empty_book,2026-06-22T21:54:54.975068+00:00,1,99
KXMLBF5-26JUN221910MILCIN-CIN,f5_winner,True,True,fresh_empty_book,2026-06-22T21:54:54.975068+00:00,1,99
KXMLBF5-26JUN221910MILCIN-TIE,f5_winner,True,True,fresh_empty_book,2026-06-22T21:54:54.975068+00:00,1,99
KXMLBF5-26JUN221910MILCIN-MIL,f5_winner,True,True,fresh_empty_book,2026-06-22T21:54:54.975068+00:00,1,99
KXMLBF5-26JUN221910CHCNYM-NYM,f5_winner,True,True,fresh_empty_book,2026-06-22T21:54:54.975068+00:00,1,99
KXMLBF5-26JUN221910CHCNYM-TIE,f5_winner,True,True,fresh_empty_book,2026-06-22T21:54:54.975068+00:00,1,99
KXMLBF5-26JUN221910CHCNYM-CHC,f5_winner,True,True,fresh_empty_book,2026-06-22T21:54:54.975068+00:00,1,99
KXMLBF5-26JUN221907HOUTOR-HOU,f5_winner,True,True,fresh_empty_book,2026-06-22T21:54:54.975068+00:00,1,99
KXMLBF5-26JUN221907HOUTOR-TIE,f5_winner,True,True,fresh_empty_book,2026-06-22T21:54:54.975068+00:00,1,99
KXMLBF5-26JUN221907HOUTOR-TOR,f5_winner,True,True,fresh_empty_book,2026-06-22T21:54:54.975068+00:00,1,99
KXMLBF5-26JUN221845PHIWSH-PHI,f5_winner,True,True,fresh_empty_book,2026-06-22T21:54:54.975068+00:00,1,99
KXMLBF5-26JUN221845PHIWSH-WSH,f5_winner,True,True,fresh_empty_book,2026-06-22T21:54:54.975068+00:00,1,99
KXMLBF5-26JUN221845PHIWSH-TIE,f5_winner,True,True,fresh_empty_book,2026-06-22T21:54:54.975068+00:00,1,99
KXMLBF5-26JUN221840TEXMIA-TIE,f5_winner,True,True,fresh_empty_book,2026-06-22T21:54:54.975068+00:00,1,99
KXMLBF5-26JUN221840TEXMIA-TEX,f5_winner,True,True,fresh_empty_book,2026-06-22T21:54:54.975068+00:00,1,99
KXMLBF5-26JUN221840TEXMIA-MIA,f5_winner,True,True,fresh_empty_book,2026-06-22T21:54:54.975068+00:00,1,99
KXMLBF5-26JUN221840KCTB-TIE,f5_winner,True,True,fresh_empty_book,2026-06-22T21:54:54.975068+00:00,1,99
KXMLBF5-26JUN221840KCTB-TB,f5_winner,True,True,fresh_empty_book,2026-06-22T21:54:54.975068+00:00,1,99
KXMLBF5-26JUN221840KCTB-KC,f5_winner,True,True,fresh_empty_book,2026-06-22T21:54:54.975068+00:00,1,99
KXMLBF5-26JUN221810NYYDET-DET,f5_winner,True,True,fresh_empty_book,2026-06-22T21:54:54.975068+00:00,1,99
KXMLBF5-26JUN221810NYYDET-TIE,f5_winner,True,True,fresh_empty_book,2026-06-22T21:54:54.975068+00:00,1,99
KXMLBF5-26JUN221810NYYDET-NYY,f5_winner,True,True,fresh_empty_book,2026-06-22T21:54:54.975068+00:00,1,99
KXMLBF5SPREAD-26JUN222210ATLSD-SD2,f5_spread,False,True,fresh_empty_book,2026-06-22T21:54:54.975068+00:00,1,99
KXMLBF5SPREAD-26JUN222210ATLSD-ATL3,f5_spread,False,True,fresh_empty_book,2026-06-22T21:54:54.975068+00:00,1,99
KXMLBF5SPREAD-26JUN222210ATLSD-SD3,f5_spread,False,True,fresh_empty_book,2026-06-22T21:54:54.975068+00:00,1,99
KXMLBF5SPREAD-26JUN222210ATLSD-ATL2,f5_spread,False,True,fresh_empty_book,2026-06-22T21:54:54.975068+00:00,1,99
KXMLBF5SPREAD-26JUN222138BALLAA-LAA3,f5_spread,False,True,fresh_empty_book,2026-06-22T21:54:54.975068+00:00,1,99
KXMLBF5SPREAD-26JUN222138BALLAA-BAL3,f5_spread,False,True,fresh_empty_book,2026-06-22T21:54:54.975068+00:00,1,99
KXMLBF5SPREAD-26JUN222138BALLAA-LAA2,f5_spread,False,True,fresh_empty_book,2026-06-22T21:54:54.975068+00:00,1,99
KXMLBF5SPREAD-26JUN222138BALLAA-BAL2,f5_spread,False,True,fresh_empty_book,2026-06-22T21:54:54.975068+00:00,1,99
KXMLBF5SPREAD-26JUN222040BOSCOL-COL2,f5_spread,False,True,fresh_empty_book,2026-06-22T21:54:54.975068+00:00,1,99
KXMLBF5SPREAD-26JUN222040BOSCOL-COL3,f5_spread,False,True,fresh_empty_book,2026-06-22T21:54:54.975068+00:00,1,99
KXMLBF5SPREAD-26JUN222040BOSCOL-BOS3,f5_spread,False,True,fresh_empty_book,2026-06-22T21:54:54.975068+00:00,1,99
KXMLBF5SPREAD-26JUN222040BOSCOL-BOS2,f5_spread,False,True,fresh_empty_book,2026-06-22T21:54:54.975068+00:00,1,99
KXMLBF5SPREAD-26JUN221945AZSTL-AZ2,f5_spread,False,True,fresh_empty_book,2026-06-22T21:54:54.975068+00:00,1,99
KXMLBF5SPREAD-26JUN221945AZSTL-AZ3,f5_spread,False,True,fresh_empty_book,2026-06-22T21:54:54.975068+00:00,1,99
KXMLBF5SPREAD-26JUN221945AZSTL-STL3,f5_spread,False,True,fresh_empty_book,2026-06-22T21:54:54.975068+00:00,1,99
KXMLBF5SPREAD-26JUN221945AZSTL-STL2,f5_spread,False,True,fresh_empty_book,2026-06-22T21:54:54.975068+00:00,1,99
KXMLBF5SPREAD-26JUN221940LADMIN-LAD2,f5_spread,False,True,fresh_empty_book,2026-06-22T21:54:54.975068+00:00,1,99
KXMLBF5SPREAD-26JUN221940LADMIN-MIN3,f5_spread,False,True,fresh_empty_book,2026-06-22T21:54:54.975068+00:00,1,99
KXMLBF5SPREAD-26JUN221940LADMIN-MIN2,f5_spread,False,True,fresh_empty_book,2026-06-22T21:54:54.975068+00:00,1,99
KXMLBF5SPREAD-26JUN221940LADMIN-LAD3,f5_spread,False,True,fresh_empty_book,2026-06-22T21:54:54.975068+00:00,1,99
KXMLBF5SPREAD-26JUN221940CLECWS-CLE3,f5_spread,False,True,fresh_empty_book,2026-06-22T21:54:54.975068+00:00,1,99
KXMLBF5SPREAD-26JUN221940CLECWS-CWS2,f5_spread,False,True,fresh_empty_book,2026-06-22T21:54:54.975068+00:00,1,99
KXMLBF5SPREAD-26JUN221940CLECWS-CLE2,f5_spread,False,True,fresh_empty_book,2026-06-22T21:54:54.975068+00:00,1,99
KXMLBF5SPREAD-26JUN221940CLECWS-CWS3,f5_spread,False,True,fresh_empty_book,2026-06-22T21:54:54.975068+00:00,1,99
KXMLBF5SPREAD-26JUN221910MILCIN-MIL2,f5_spread,False,True,fresh_empty_book,2026-06-22T21:54:54.975068+00:00,1,99
KXMLBF5SPREAD-26JUN221910MILCIN-MIL3,f5_spread,False,True,fresh_empty_book,2026-06-22T21:54:54.975068+00:00,1,99
KXMLBF5SPREAD-26JUN221910MILCIN-CIN3,f5_spread,False,True,fresh_empty_book,2026-06-22T21:54:54.975068+00:00,1,99
KXMLBF5SPREAD-26JUN221910MILCIN-CIN2,f5_spread,False,True,fresh_empty_book,2026-06-22T21:54:54.975068+00:00,1,99
KXMLBF5SPREAD-26JUN221910CHCNYM-CHC3,f5_spread,False,True,fresh_empty_book,2026-06-22T21:54:54.975068+00:00,1,99
KXMLBF5SPREAD-26JUN221910CHCNYM-NYM3,f5_spread,False,True,fresh_empty_book,2026-06-22T21:54:54.975068+00:00,1,99
KXMLBF5SPREAD-26JUN221910CHCNYM-NYM2,f5_spread,False,True,fresh_empty_book,2026-06-22T21:54:54.975068+00:00,1,99
KXMLBF5SPREAD-26JUN221910CHCNYM-CHC2,f5_spread,False,True,fresh_empty_book,2026-06-22T21:54:54.975068+00:00,1,99
KXMLBF5SPREAD-26JUN221907HOUTOR-HOU2,f5_spread,False,True,fresh_empty_book,2026-06-22T21:54:54.975068+00:00,1,99
KXMLBF5SPREAD-26JUN221907HOUTOR-TOR2,f5_spread,False,True,fresh_empty_book,2026-06-22T21:54:54.975068+00:00,1,99
KXMLBF5SPREAD-26JUN221907HOUTOR-TOR3,f5_spread,False,True,fresh_empty_book,2026-06-22T21:54:54.975068+00:00,1,99
KXMLBF5SPREAD-26JUN221907HOUTOR-HOU3,f5_spread,False,True,fresh_empty_book,2026-06-22T21:54:54.975068+00:00,1,99
KXMLBF5SPREAD-26JUN221845PHIWSH-WSH2,f5_spread,False,True,fresh_empty_book,2026-06-22T21:54:54.975068+00:00,1,99
KXMLBF5SPREAD-26JUN221845PHIWSH-PHI2,f5_spread,False,True,fresh_empty_book,2026-06-22T21:54:54.975068+00:00,1,99
KXMLBF5SPREAD-26JUN221845PHIWSH-WSH3,f5_spread,False,True,fresh_empty_book,2026-06-22T21:54:54.975068+00:00,1,99
KXMLBF5SPREAD-26JUN221845PHIWSH-PHI3,f5_spread,False,True,fresh_empty_book,2026-06-22T21:54:54.975068+00:00,1,99
KXMLBF5SPREAD-26JUN221840TEXMIA-MIA2,f5_spread,False,True,fresh_empty_book,2026-06-22T21:54:54.975068+00:00,1,99
KXMLBF5SPREAD-26JUN221840TEXMIA-TEX3,f5_spread,False,True,fresh_empty_book,2026-06-22T21:54:54.975068+00:00,1,99
KXMLBF5SPREAD-26JUN221840TEXMIA-MIA3,f5_spread,False,True,fresh_empty_book,2026-06-22T21:54:54.975068+00:00,1,99
KXMLBF5SPREAD-26JUN221840TEXMIA-TEX2,f5_spread,False,True,fresh_empty_book,2026-06-22T21:54:54.975068+00:00,1,99
KXMLBF5SPREAD-26JUN221840KCTB-KC3,f5_spread,False,True,fresh_empty_book,2026-06-22T21:54:54.975068+00:00,1,99
KXMLBF5SPREAD-26JUN221840KCTB-KC2,f5_spread,False,True,fresh_empty_book,2026-06-22T21:54:54.975068+00:00,1,99
KXMLBF5SPREAD-26JUN221840KCTB-TB3,f5_spread,False,True,fresh_empty_book,2026-06-22T21:54:54.975068+00:00,1,99
KXMLBF5SPREAD-26JUN221840KCTB-TB2,f5_spread,False,True,fresh_empty_book,2026-06-22T21:54:54.975068+00:00,1,99
KXMLBF5SPREAD-26JUN221810NYYDET-NYY2,f5_spread,False,True,fresh_empty_book,2026-06-22T21:54:54.975068+00:00,1,99
KXMLBF5SPREAD-26JUN221810NYYDET-DET3,f5_spread,False,True,fresh_empty_book,2026-06-22T21:54:54.975068+00:00,1,99
KXMLBF5SPREAD-26JUN221810NYYDET-NYY3,f5_spread,False,True,fresh_empty_book,2026-06-22T21:54:54.975068+00:00,1,99
KXMLBF5SPREAD-26JUN221810NYYDET-DET2,f5_spread,False,True,fresh_empty_book,2026-06-22T21:54:54.975068+00:00,1,99
KXMLBF5TOTAL-26JUN222210ATLSD-3,f5_total,True,True,fresh_empty_book,2026-06-22T21:54:54.975068+00:00,1,99
KXMLBF5TOTAL-26JUN222210ATLSD-5,f5_total,True,True,fresh_empty_book,2026-06-22T21:54:54.975068+00:00,1,99
KXMLBF5TOTAL-26JUN222210ATLSD-4,f5_total,True,True,fresh_empty_book,2026-06-22T21:54:54.975068+00:00,1,99
KXMLBF5TOTAL-26JUN222210ATLSD-2,f5_total,True,True,fresh_empty_book,2026-06-22T21:54:54.975068+00:00,1,99
KXMLBF5TOTAL-26JUN222210ATLSD-6,f5_total,True,True,fresh_empty_book,2026-06-22T21:54:54.975068+00:00,1,99
KXMLBF5TOTAL-26JUN222210ATLSD-1,f5_total,True,True,fresh_empty_book,2026-06-22T21:54:54.975068+00:00,1,99
KXMLBF5TOTAL-26JUN222210ATLSD-7,f5_total,True,True,fresh_empty_book,2026-06-22T21:54:54.975068+00:00,1,99
KXMLBF5TOTAL-26JUN222138BALLAA-3,f5_total,True,True,fresh_empty_book,2026-06-22T21:54:54.975068+00:00,1,99
KXMLBF5TOTAL-26JUN222138BALLAA-5,f5_total,True,True,fresh_empty_book,2026-06-22T21:54:54.975068+00:00,1,99
KXMLBF5TOTAL-26JUN222138BALLAA-2,f5_total,True,True,fresh_empty_book,2026-06-22T21:54:54.975068+00:00,1,99
KXMLBF5TOTAL-26JUN222138BALLAA-7,f5_total,True,True,fresh_empty_book,2026-06-22T21:54:54.975068+00:00,1,99
KXMLBF5TOTAL-26JUN222138BALLAA-1,f5_total,True,True,fresh_empty_book,2026-06-22T21:54:54.975068+00:00,1,99
KXMLBF5TOTAL-26JUN222138BALLAA-4,f5_total,True,True,fresh_empty_book,2026-06-22T21:54:54.975068+00:00,1,99
KXMLBF5TOTAL-26JUN222138BALLAA-6,f5_total,True,True,fresh_empty_book,2026-06-22T21:54:54.975068+00:00,1,99
KXMLBF5TOTAL-26JUN222040BOSCOL-7,f5_total,True,True,fresh_empty_book,2026-06-22T21:54:54.975068+00:00,1,99
KXMLBF5TOTAL-26JUN222040BOSCOL-1,f5_total,True,True,fresh_empty_book,2026-06-22T21:54:54.975068+00:00,1,99
KXMLBF5TOTAL-26JUN222040BOSCOL-3,f5_total,True,True,fresh_empty_book,2026-06-22T21:54:54.975068+00:00,1,99
KXMLBF5TOTAL-26JUN222040BOSCOL-2,f5_total,True,True,fresh_empty_book,2026-06-22T21:54:54.975068+00:00,1,99
KXMLBF5TOTAL-26JUN222040BOSCOL-4,f5_total,True,True,fresh_empty_book,2026-06-22T21:54:54.975068+00:00,1,99
KXMLBF5TOTAL-26JUN222040BOSCOL-5,f5_total,True,True,fresh_empty_book,2026-06-22T21:54:54.975068+00:00,1,99
KXMLBF5TOTAL-26JUN222040BOSCOL-6,f5_total,True,True,fresh_empty_book,2026-06-22T21:54:54.975068+00:00,1,99
KXMLBF5TOTAL-26JUN221945AZSTL-5,f5_total,True,True,fresh_empty_book,2026-06-22T21:54:54.975068+00:00,1,99
KXMLBF5TOTAL-26JUN221945AZSTL-1,f5_total,True,True,fresh_empty_book,2026-06-22T21:54:54.975068+00:00,1,99
KXMLBF5TOTAL-26JUN221945AZSTL-2,f5_total,True,True,fresh_empty_book,2026-06-22T21:54:54.975068+00:00,1,99
KXMLBF5TOTAL-26JUN221945AZSTL-4,f5_total,True,True,fresh_empty_book,2026-06-22T21:54:54.975068+00:00,1,99
KXMLBF5TOTAL-26JUN221945AZSTL-6,f5_total,True,True,fresh_empty_book,2026-06-22T21:54:54.975068+00:00,1,99
KXMLBF5TOTAL-26JUN221945AZSTL-3,f5_total,True,True,fresh_empty_book,2026-06-22T21:54:54.975068+00:00,1,99
KXMLBF5TOTAL-26JUN221945AZSTL-7,f5_total,True,True,fresh_empty_book,2026-06-22T21:54:54.975068+00:00,1,99
KXMLBF5TOTAL-26JUN221940LADMIN-1,f5_total,True,True,fresh_empty_book,2026-06-22T21:54:54.975068+00:00,1,99
KXMLBF5TOTAL-26JUN221940LADMIN-3,f5_total,True,True,fresh_empty_book,2026-06-22T21:54:54.975068+00:00,1,99
KXMLBF5TOTAL-26JUN221940LADMIN-4,f5_total,True,True,fresh_empty_book,2026-06-22T21:54:54.975068+00:00,1,99
KXMLBF5TOTAL-26JUN221940LADMIN-5,f5_total,True,True,fresh_empty_book,2026-06-22T21:54:54.975068+00:00,1,99
KXMLBF5TOTAL-26JUN221940LADMIN-7,f5_total,True,True,fresh_empty_book,2026-06-22T21:54:54.975068+00:00,1,99
KXMLBF5TOTAL-26JUN221940LADMIN-6,f5_total,True,True,fresh_empty_book,2026-06-22T21:54:54.975068+00:00,1,99
KXMLBF5TOTAL-26JUN221940LADMIN-2,f5_total,True,True,fresh_empty_book,2026-06-22T21:54:54.975068+00:00,1,99
KXMLBF5TOTAL-26JUN221940CLECWS-1,f5_total,True,True,fresh_empty_book,2026-06-22T21:54:54.975068+00:00,1,99
KXMLBF5TOTAL-26JUN221940CLECWS-7,f5_total,True,True,fresh_empty_book,2026-06-22T21:54:54.975068+00:00,1,99
KXMLBF5TOTAL-26JUN221940CLECWS-4,f5_total,True,True,fresh_empty_book,2026-06-22T21:54:54.975068+00:00,1,99
KXMLBF5TOTAL-26JUN221940CLECWS-3,f5_total,True,True,fresh_empty_book,2026-06-22T21:54:54.975068+00:00,1,99
KXMLBF5TOTAL-26JUN221940CLECWS-5,f5_total,True,True,fresh_empty_book,2026-06-22T21:54:54.975068+00:00,1,99
KXMLBF5TOTAL-26JUN221940CLECWS-6,f5_total,True,True,fresh_empty_book,2026-06-22T21:54:54.975068+00:00,1,99
KXMLBF5TOTAL-26JUN221940CLECWS-2,f5_total,True,True,fresh_empty_book,2026-06-22T21:54:54.975068+00:00,1,99
KXMLBF5TOTAL-26JUN221910MILCIN-4,f5_total,True,True,fresh_empty_book,2026-06-22T21:54:54.975068+00:00,1,99
KXMLBF5TOTAL-26JUN221910MILCIN-3,f5_total,True,True,fresh_empty_book,2026-06-22T21:54:54.975068+00:00,1,99
KXMLBF5TOTAL-26JUN221910MILCIN-2,f5_total,True,True,fresh_empty_book,2026-06-22T21:54:54.975068+00:00,1,99
KXMLBF5TOTAL-26JUN221910MILCIN-7,f5_total,True,True,fresh_empty_book,2026-06-22T21:54:54.975068+00:00,1,99
KXMLBF5TOTAL-26JUN221910MILCIN-6,f5_total,True,True,fresh_empty_book,2026-06-22T21:54:54.975068+00:00,1,99
KXMLBF5TOTAL-26JUN221910MILCIN-1,f5_total,True,True,fresh_empty_book,2026-06-22T21:54:54.975068+00:00,1,99
KXMLBF5TOTAL-26JUN221910MILCIN-5,f5_total,True,True,fresh_empty_book,2026-06-22T21:54:54.975068+00:00,1,99
KXMLBF5TOTAL-26JUN221910CHCNYM-1,f5_total,True,True,fresh_empty_book,2026-06-22T21:54:54.975068+00:00,1,99
KXMLBF5TOTAL-26JUN221910CHCNYM-3,f5_total,True,True,fresh_empty_book,2026-06-22T21:54:54.975068+00:00,1,99
KXMLBF5TOTAL-26JUN221910CHCNYM-2,f5_total,True,True,fresh_empty_book,2026-06-22T21:54:54.975068+00:00,1,99
KXMLBF5TOTAL-26JUN221910CHCNYM-6,f5_total,True,True,fresh_empty_book,2026-06-22T21:54:54.975068+00:00,1,99
KXMLBF5TOTAL-26JUN221910CHCNYM-7,f5_total,True,True,fresh_empty_book,2026-06-22T21:54:54.975068+00:00,1,99
KXMLBF5TOTAL-26JUN221910CHCNYM-4,f5_total,True,True,fresh_empty_book,2026-06-22T21:54:54.975068+00:00,1,99
KXMLBF5TOTAL-26JUN221910CHCNYM-5,f5_total,True,True,fresh_empty_book,2026-06-22T21:54:54.975068+00:00,1,99
KXMLBF5TOTAL-26JUN221907HOUTOR-5,f5_total,True,True,fresh_empty_book,2026-06-22T21:54:54.975068+00:00,1,99
KXMLBF5TOTAL-26JUN221907HOUTOR-2,f5_total,True,True,fresh_empty_book,2026-06-22T21:54:54.975068+00:00,1,99
KXMLBF5TOTAL-26JUN221907HOUTOR-1,f5_total,True,True,fresh_empty_book,2026-06-22T21:54:54.975068+00:00,1,99
KXMLBF5TOTAL-26JUN221907HOUTOR-6,f5_total,True,True,fresh_empty_book,2026-06-22T21:54:54.975068+00:00,1,99
KXMLBF5TOTAL-26JUN221907HOUTOR-7,f5_total,True,True,fresh_empty_book,2026-06-22T21:54:54.975068+00:00,1,99
KXMLBF5TOTAL-26JUN221907HOUTOR-4,f5_total,True,True,fresh_empty_book,2026-06-22T21:54:54.975068+00:00,1,99
KXMLBF5TOTAL-26JUN221907HOUTOR-3,f5_total,True,True,fresh_empty_book,2026-06-22T21:54:54.975068+00:00,1,99
KXMLBF5TOTAL-26JUN221845PHIWSH-7,f5_total,True,True,fresh_empty_book,2026-06-22T21:54:54.975068+00:00,1,99
KXMLBF5TOTAL-26JUN221845PHIWSH-5,f5_total,True,True,fresh_empty_book,2026-06-22T21:54:54.975068+00:00,1,99
KXMLBF5TOTAL-26JUN221845PHIWSH-6,f5_total,True,True,fresh_empty_book,2026-06-22T21:54:54.975068+00:00,1,99
KXMLBF5TOTAL-26JUN221845PHIWSH-2,f5_total,True,True,fresh_empty_book,2026-06-22T21:54:54.975068+00:00,1,99
KXMLBF5TOTAL-26JUN221845PHIWSH-1,f5_total,True,True,fresh_empty_book,2026-06-22T21:54:54.975068+00:00,1,99
KXMLBF5TOTAL-26JUN221845PHIWSH-4,f5_total,True,True,fresh_empty_book,2026-06-22T21:54:54.975068+00:00,1,99
KXMLBF5TOTAL-26JUN221845PHIWSH-3,f5_total,True,True,fresh_empty_book,2026-06-22T21:54:54.975068+00:00,1,99
KXMLBF5TOTAL-26JUN221840TEXMIA-1,f5_total,True,True,fresh_empty_book,2026-06-22T21:54:54.975068+00:00,1,99
KXMLBF5TOTAL-26JUN221840TEXMIA-3,f5_total,True,True,fresh_empty_book,2026-06-22T21:54:54.975068+00:00,1,99
KXMLBF5TOTAL-26JUN221840TEXMIA-2,f5_total,True,True,fresh_empty_book,2026-06-22T21:54:54.975068+00:00,1,99
KXMLBF5TOTAL-26JUN221840TEXMIA-6,f5_total,True,True,fresh_empty_book,2026-06-22T21:54:54.975068+00:00,1,99
KXMLBF5TOTAL-26JUN221840TEXMIA-5,f5_total,True,True,fresh_empty_book,2026-06-22T21:54:54.975068+00:00,1,99
KXMLBF5TOTAL-26JUN221840TEXMIA-7,f5_total,True,True,fresh_empty_book,2026-06-22T21:54:54.975068+00:00,1,99
KXMLBF5TOTAL-26JUN221840TEXMIA-4,f5_total,True,True,fresh_empty_book,2026-06-22T21:54:54.975068+00:00,1,99
KXMLBF5TOTAL-26JUN221840KCTB-3,f5_total,True,True,fresh_empty_book,2026-06-22T21:54:54.975068+00:00,1,99
KXMLBF5TOTAL-26JUN221840KCTB-4,f5_total,True,True,fresh_empty_book,2026-06-22T21:54:54.975068+00:00,1,99
KXMLBF5TOTAL-26JUN221840KCTB-6,f5_total,True,True,fresh_empty_book,2026-06-22T21:54:54.975068+00:00,1,99
KXMLBF5TOTAL-26JUN221840KCTB-1,f5_total,True,True,fresh_empty_book,2026-06-22T21:54:54.975068+00:00,1,99
KXMLBF5TOTAL-26JUN221840KCTB-2,f5_total,True,True,fresh_empty_book,2026-06-22T21:54:54.975068+00:00,1,99
KXMLBF5TOTAL-26JUN221840KCTB-7,f5_total,True,True,fresh_empty_book,2026-06-22T21:54:54.975068+00:00,1,99
KXMLBF5TOTAL-26JUN221840KCTB-5,f5_total,True,True,fresh_empty_book,2026-06-22T21:54:54.975068+00:00,1,99
KXMLBF5TOTAL-26JUN221810NYYDET-2,f5_total,True,True,fresh_empty_book,2026-06-22T21:54:54.975068+00:00,1,99
KXMLBF5TOTAL-26JUN221810NYYDET-1,f5_total,True,True,fresh_empty_book,2026-06-22T21:54:54.975068+00:00,1,99
KXMLBF5TOTAL-26JUN221810NYYDET-7,f5_total,True,True,fresh_empty_book,2026-06-22T21:54:54.975068+00:00,1,99
KXMLBF5TOTAL-26JUN221810NYYDET-6,f5_total,True,True,fresh_empty_book,2026-06-22T21:54:54.975068+00:00,1,99
KXMLBF5TOTAL-26JUN221810NYYDET-4,f5_total,True,True,fresh_empty_book,2026-06-22T21:54:54.975068+00:00,1,99
KXMLBF5TOTAL-26JUN221810NYYDET-3,f5_total,True,True,fresh_empty_book,2026-06-22T21:54:54.975068+00:00,1,99
KXMLBF5TOTAL-26JUN221810NYYDET-5,f5_total,True,True,fresh_empty_book,2026-06-22T21:54:54.975068+00:00,1,99
KXMLBHR-26JUN222210ATLSD-SDFTATIS23-1,player_hr,False,False,not_polled,,,
KXMLBHR-26JUN222210ATLSD-SDMMACHADO13-2,player_hr,False,False,not_polled,,,
KXMLBHR-26JUN222210ATLSD-SDMMACHADO13-1,player_hr,False,False,not_polled,,,
KXMLBHR-26JUN222210ATLSD-SDJMERRILL3-1,player_hr,False,False,not_polled,,,
KXMLBHR-26JUN222210ATLSD-ATLMOLSON28-2,player_hr,False,False,not_polled,,,
KXMLBHR-26JUN222210ATLSD-SDJMERRILL3-2,player_hr,False,False,not_polled,,,
KXMLBHR-26JUN222210ATLSD-ATLMOLSON28-1,player_hr,False,False,not_polled,,,
KXMLBHR-26JUN222210ATLSD-SDFTATIS23-2,player_hr,False,False,not_polled,,,
KXMLBHR-26JUN222138BALLAA-BALPALONSO25-2,player_hr,False,False,not_polled,,,
KXMLBHR-26JUN222138BALLAA-LAAJADELL7-1,player_hr,False,False,not_polled,,,
KXMLBHR-26JUN222138BALLAA-LAAJADELL7-2,player_hr,False,False,not_polled,,,
KXMLBHR-26JUN222138BALLAA-BALGHENDERSON2-1,player_hr,False,False,not_polled,,,
KXMLBHR-26JUN222138BALLAA-BALGHENDERSON2-2,player_hr,False,False,not_polled,,,
KXMLBHR-26JUN222138BALLAA-BALPALONSO25-1,player_hr,False,False,not_polled,,,
KXMLBHR-26JUN221945AZSTL-STLNCHURCH27-1,player_hr,False,False,not_polled,,,
KXMLBHR-26JUN221945AZSTL-AZADELCASTILLO25-1,player_hr,False,False,not_polled,,,
KXMLBHR-26JUN221945AZSTL-STLMWINN0-1,player_hr,False,False,not_polled,,,
KXMLBHR-26JUN221945AZSTL-AZLGURRIEL12-1,player_hr,False,False,not_polled,,,
KXMLBHR-26JUN221945AZSTL-STLNCHURCH27-2,player_hr,False,False,not_polled,,,
KXMLBHR-26JUN221945AZSTL-AZPSMITH26-2,player_hr,False,False,not_polled,,,
KXMLBHR-26JUN221945AZSTL-STLIHERRERA48-2,player_hr,False,False,not_polled,,,
KXMLBHR-26JUN221945AZSTL-AZTTAWA13-2,player_hr,False,False,not_polled,,,
KXMLBHR-26JUN221945AZSTL-AZADELCASTILLO25-2,player_hr,False,False,not_polled,,,
KXMLBHR-26JUN221945AZSTL-STLJCROOKS8-2,player_hr,False,False,not_polled,,,
KXMLBHR-26JUN221945AZSTL-STLLNOOTBAAR21-1,player_hr,False,False,not_polled,,,
KXMLBHR-26JUN221945AZSTL-AZNARENADO28-2,player_hr,False,False,not_polled,,,
KXMLBHR-26JUN221945AZSTL-AZPSMITH26-1,player_hr,False,False,not_polled,,,
KXMLBHR-26JUN221945AZSTL-AZKMARTE4-1,player_hr,False,False,not_polled,,,
KXMLBHR-26JUN221945AZSTL-STLABURLESON41-2,player_hr,False,False,not_polled,,,
KXMLBHR-26JUN221945AZSTL-STLIHERRERA48-1,player_hr,False,False,not_polled,,,
KXMLBHR-26JUN221945AZSTL-STLBJORDAN33-1,player_hr,False,False,not_polled,,,
KXMLBHR-26JUN221945AZSTL-AZCCARROLL7-1,player_hr,False,False,not_polled,,,
KXMLBHR-26JUN221945AZSTL-STLJWALKER18-2,player_hr,False,False,not_polled,,,
KXMLBHR-26JUN221945AZSTL-STLJWETHERHOLT77-2,player_hr,False,False,not_polled,,,
KXMLBHR-26JUN221945AZSTL-STLJWETHERHOLT77-1,player_hr,False,False,not_polled,,,
KXMLBHR-26JUN221945AZSTL-STLABURLESON41-1,player_hr,False,False,not_polled,,,
KXMLBHR-26JUN221945AZSTL-STLLNOOTBAAR21-2,player_hr,False,False,not_polled,,,
KXMLBHR-26JUN221945AZSTL-AZGPERDOMO2-2,player_hr,False,False,not_polled,,,
KXMLBHR-26JUN221945AZSTL-AZCCARROLL7-2,player_hr,False,False,not_polled,,,
KXMLBHR-26JUN221945AZSTL-STLBJORDAN33-2,player_hr,False,False,not_polled,,,
KXMLBHR-26JUN221945AZSTL-STLJWALKER18-1,player_hr,False,False,not_polled,,,
KXMLBHR-26JUN221945AZSTL-AZGPERDOMO2-1,player_hr,False,False,not_polled,,,
KXMLBHR-26JUN221945AZSTL-AZNARENADO28-1,player_hr,False,False,not_polled,,,
KXMLBHR-26JUN221945AZSTL-AZLGURRIEL12-2,player_hr,False,False,not_polled,,,
KXMLBHR-26JUN221945AZSTL-AZTTAWA13-1,player_hr,False,False,not_polled,,,
KXMLBHR-26JUN221945AZSTL-AZTTROY9-1,player_hr,False,False,not_polled,,,
KXMLBHR-26JUN221945AZSTL-STLJCROOKS8-1,player_hr,False,False,not_polled,,,
KXMLBHR-26JUN221945AZSTL-AZKMARTE4-2,player_hr,False,False,not_polled,,,
KXMLBHR-26JUN221940LADMIN-MINBBUXTON25-2,player_hr,False,False,not_polled,,,
KXMLBHR-26JUN221940LADMIN-MINRKREIDLER5-2,player_hr,False,False,not_polled,,,
KXMLBHR-26JUN221940LADMIN-LADDRUSHING68-2,player_hr,False,False,not_polled,,,
KXMLBHR-26JUN221940LADMIN-LADTEDMAN25-2,player_hr,False,False,not_polled,,,
KXMLBHR-26JUN221940LADMIN-MINTLARNACH9-2,player_hr,False,False,not_polled,,,
KXMLBHR-26JUN221940LADMIN-MINJBELL56-1,player_hr,False,False,not_polled,,,
KXMLBHR-26JUN221940LADMIN-MINBLEE22-1,player_hr,False,False,not_polled,,,
KXMLBHR-26JUN221940LADMIN-LADSOHTANI17-3,player_hr,False,False,not_polled,,,
KXMLBHR-26JUN221940LADMIN-LADFFREEMAN5-2,player_hr,False,False,not_polled,,,
KXMLBHR-26JUN221940LADMIN-MINJBELL56-2,player_hr,False,False,not_polled,,,
KXMLBHR-26JUN221940LADMIN-MINVCARATINI37-2,player_hr,False,False,not_polled,,,
KXMLBHR-26JUN221940LADMIN-LADDRUSHING68-1,player_hr,False,False,not_polled,,,
KXMLBHR-26JUN221940LADMIN-LADKTUCKER23-2,player_hr,False,False,not_polled,,,
KXMLBHR-26JUN221940LADMIN-LADMBETTS50-2,player_hr,False,False,not_polled,,,
KXMLBHR-26JUN221940LADMIN-LADSOHTANI17-2,player_hr,False,False,not_polled,,,
KXMLBHR-26JUN221940LADMIN-LADAPAGES44-1,player_hr,False,False,not_polled,,,
KXMLBHR-26JUN221940LADMIN-LADMBETTS50-1,player_hr,False,False,not_polled,,,
KXMLBHR-26JUN221940LADMIN-MINVCARATINI37-1,player_hr,False,False,not_polled,,,
KXMLBHR-26JUN221940LADMIN-LADMMUNCY13-1,player_hr,False,False,not_polled,,,
KXMLBHR-26JUN221940LADMIN-LADRWARD67-2,player_hr,False,False,not_polled,,,
KXMLBHR-26JUN221940LADMIN-MINKCLEMENS2-1,player_hr,False,False,not_polled,,,
KXMLBHR-26JUN221940LADMIN-LADKTUCKER23-1,player_hr,False,False,not_polled,,,
KXMLBHR-26JUN221940LADMIN-MINRLEWIS23-1,player_hr,False,False,not_polled,,,
KXMLBHR-26JUN221940LADMIN-MINLKEASCHALL15-1,player_hr,False,False,not_polled,,,
KXMLBHR-26JUN221940LADMIN-LADTEDMAN25-1,player_hr,False,False,not_polled,,,
KXMLBHR-26JUN221940LADMIN-LADSOHTANI17-1,player_hr,False,False,not_polled,,,
KXMLBHR-26JUN221940LADMIN-LADAPAGES44-2,player_hr,False,False,not_polled,,,
KXMLBHR-26JUN221940LADMIN-MINRKREIDLER5-1,player_hr,False,False,not_polled,,,
KXMLBHR-26JUN221940LADMIN-MINBBUXTON25-1,player_hr,False,False,not_polled,,,
KXMLBHR-26JUN221940LADMIN-LADFFREEMAN5-1,player_hr,False,False,not_polled,,,
KXMLBHR-26JUN221940LADMIN-MINKCLEMENS2-2,player_hr,False,False,not_polled,,,
KXMLBHR-26JUN221940LADMIN-MINBLEE22-2,player_hr,False,False,not_polled,,,
KXMLBHR-26JUN221940LADMIN-MINTLARNACH9-1,player_hr,False,False,not_polled,,,
KXMLBHR-26JUN221940LADMIN-LADRWARD67-1,player_hr,False,False,not_polled,,,
KXMLBHR-26JUN221940LADMIN-MINRLEWIS23-2,player_hr,False,False,not_polled,,,
KXMLBHR-26JUN221940LADMIN-MINLKEASCHALL15-2,player_hr,False,False,not_polled,,,
KXMLBHR-26JUN221940LADMIN-LADMMUNCY13-2,player_hr,False,False,not_polled,,,
KXMLBHR-26JUN221940CLECWS-CLEGARIAS13-1,player_hr,False,False,not_polled,,,
KXMLBHR-26JUN221940CLECWS-CWSCMONTGOMERY12-1,player_hr,False,False,not_polled,,,
KXMLBHR-26JUN221940CLECWS-CLEPHALPIN0-1,player_hr,False,False,not_polled,,,
KXMLBHR-26JUN221940CLECWS-CLEDFRY6-1,player_hr,False,False,not_polled,,,
KXMLBHR-26JUN221940CLECWS-CWSBMONTGOMERY24-1,player_hr,False,False,not_polled,,,
KXMLBHR-26JUN221940CLECWS-CLEBROCCHIO4-1,player_hr,False,False,not_polled,,,
KXMLBHR-26JUN221940CLECWS-CLEAHEDGES27-1,player_hr,False,False,not_polled,,,
KXMLBHR-26JUN221940CLECWS-CWSCMONTGOMERY12-2,player_hr,False,False,not_polled,,,
KXMLBHR-26JUN221940CLECWS-CWSMVARGAS20-1,player_hr,False,False,not_polled,,,
KXMLBHR-26JUN221940CLECWS-CLETBAZZANA37-1,player_hr,False,False,not_polled,,,
KXMLBHR-26JUN221940CLECWS-CLEDFRY6-2,player_hr,False,False,not_polled,,,
KXMLBHR-26JUN221940CLECWS-CLERHOSKINS8-2,player_hr,False,False,not_polled,,,
KXMLBHR-26JUN221940CLECWS-CWSABENINTENDI23-1,player_hr,False,False,not_polled,,,
KXMLBHR-26JUN221940CLECWS-CWSSANTONACCI17-2,player_hr,False,False,not_polled,,,
KXMLBHR-26JUN221940CLECWS-CLEBROCCHIO4-2,player_hr,False,False,not_polled,,,
KXMLBHR-26JUN221940CLECWS-CWSTPETERS29-2,player_hr,False,False,not_polled,,,
KXMLBHR-26JUN221940CLECWS-CLESFAIRCHILD17-2,player_hr,False,False,not_polled,,,
KXMLBHR-26JUN221940CLECWS-CWSLACUA0-1,player_hr,False,False,not_polled,,,
KXMLBHR-26JUN221940CLECWS-CLETBAZZANA37-2,player_hr,False,False,not_polled,,,
KXMLBHR-26JUN221940CLECWS-CLEKMANZARDO9-2,player_hr,False,False,not_polled,,,
KXMLBHR-26JUN221940CLECWS-CWSABENINTENDI23-2,player_hr,False,False,not_polled,,,
KXMLBHR-26JUN221940CLECWS-CWSKTEEL8-2,player_hr,False,False,not_polled,,,
KXMLBHR-26JUN221940CLECWS-CLESFAIRCHILD17-1,player_hr,False,False,not_polled,,,
KXMLBHR-26JUN221940CLECWS-CWSMVARGAS20-2,player_hr,False,False,not_polled,,,
KXMLBHR-26JUN221940CLECWS-CWSSANTONACCI17-1,player_hr,False,False,not_polled,,,
KXMLBHR-26JUN221940CLECWS-CLEGARIAS13-2,player_hr,False,False,not_polled,,,
KXMLBHR-26JUN221940CLECWS-CLERHOSKINS8-1,player_hr,False,False,not_polled,,,
KXMLBHR-26JUN221940CLECWS-CLEKMANZARDO9-1,player_hr,False,False,not_polled,,,
KXMLBHR-26JUN221940CLECWS-CLEAHEDGES27-2,player_hr,False,False,not_polled,,,
KXMLBHR-26JUN221940CLECWS-CWSTPETERS29-1,player_hr,False,False,not_polled,,,
KXMLBHR-26JUN221940CLECWS-CWSKTEEL8-1,player_hr,False,False,not_polled,,,
KXMLBHR-26JUN221940CLECWS-CWSCMEIDROTH10-1,player_hr,False,False,not_polled,,,
KXMLBHR-26JUN221910MILCIN-MILSFRELICK10-1,player_hr,False,False,not_polled,,,
KXMLBHR-26JUN221910MILCIN-MILWCONTRERAS24-1,player_hr,False,False,not_polled,,,
KXMLBHR-26JUN221910MILCIN-MILJORTIZ3-2,player_hr,False,False,not_polled,,,
KXMLBHR-26JUN221910MILCIN-MILJBAUERS9-2,player_hr,False,False,not_polled,,,
KXMLBHR-26JUN221910MILCIN-CINNLOWE31-2,player_hr,False,False,not_polled,,,
KXMLBHR-26JUN221910MILCIN-MILDHAMILTON6-2,player_hr,False,False,not_polled,,,
KXMLBHR-26JUN221910MILCIN-CINJBLEDAY22-2,player_hr,False,False,not_polled,,,
KXMLBHR-26JUN221910MILCIN-CINSSTEWART27-2,player_hr,False,False,not_polled,,,
KXMLBHR-26JUN221910MILCIN-CINESUAREZ28-1,player_hr,False,False,not_polled,,,
KXMLBHR-26JUN221910MILCIN-MILJORTIZ3-1,player_hr,False,False,not_polled,,,
KXMLBHR-26JUN221910MILCIN-CINNLOWE31-1,player_hr,False,False,not_polled,,,
KXMLBHR-26JUN221910MILCIN-MILJCHOURIO11-1,player_hr,False,False,not_polled,,,
KXMLBHR-26JUN221910MILCIN-CINBDUNN59-1,player_hr,False,False,not_polled,,,
KXMLBHR-26JUN221910MILCIN-MILWCONTRERAS24-2,player_hr,False,False,not_polled,,,
KXMLBHR-26JUN221910MILCIN-MILCYELICH22-1,player_hr,False,False,not_polled,,,
KXMLBHR-26JUN221910MILCIN-CINNMARTE4-1,player_hr,False,False,not_polled,,,
KXMLBHR-26JUN221910MILCIN-MILCYELICH22-2,player_hr,False,False,not_polled,,,
KXMLBHR-26JUN221910MILCIN-CINTSTEPHENSON37-2,player_hr,False,False,not_polled,,,
KXMLBHR-26JUN221910MILCIN-CINSSTEER7-1,player_hr,False,False,not_polled,,,
KXMLBHR-26JUN221910MILCIN-CINMMCLAIN9-2,player_hr,False,False,not_polled,,,
KXMLBHR-26JUN221910MILCIN-MILGMITCHELL5-1,player_hr,False,False,not_polled,,,
KXMLBHR-26JUN221910MILCIN-CINSSTEWART27-1,player_hr,False,False,not_polled,,,
KXMLBHR-26JUN221910MILCIN-CINBDUNN59-2,player_hr,False,False,not_polled,,,
KXMLBHR-26JUN221910MILCIN-MILDHAMILTON6-1,player_hr,False,False,not_polled,,,
KXMLBHR-26JUN221910MILCIN-CINSSTEER7-2,player_hr,False,False,not_polled,,,
KXMLBHR-26JUN221910MILCIN-MILJBAUERS9-1,player_hr,False,False,not_polled,,,
KXMLBHR-26JUN221910MILCIN-CINNMARTE4-2,player_hr,False,False,not_polled,,,
KXMLBHR-26JUN221910MILCIN-MILBTURANG2-1,player_hr,False,False,not_polled,,,
KXMLBHR-26JUN221910MILCIN-MILBTURANG2-2,player_hr,False,False,not_polled,,,
KXMLBHR-26JUN221910MILCIN-MILGMITCHELL5-2,player_hr,False,False,not_polled,,,
KXMLBHR-26JUN221910MILCIN-CINESUAREZ28-2,player_hr,False,False,not_polled,,,
KXMLBHR-26JUN221910MILCIN-CINTSTEPHENSON37-1,player_hr,False,False,not_polled,,,
KXMLBHR-26JUN221910MILCIN-CINMMCLAIN9-1,player_hr,False,False,not_polled,,,
KXMLBHR-26JUN221910MILCIN-CINJBLEDAY22-1,player_hr,False,False,not_polled,,,
KXMLBHR-26JUN221910MILCIN-MILJCHOURIO11-2,player_hr,False,False,not_polled,,,
KXMLBHR-26JUN221910MILCIN-MILSFRELICK10-2,player_hr,False,False,not_polled,,,
KXMLBHR-26JUN221910CHCNYM-CHCPCROWARMSTRONG4-2,player_hr,False,False,not_polled,,,
KXMLBHR-26JUN221910CHCNYM-NYMJSOTO22-1,player_hr,False,False,not_polled,,,
KXMLBHR-26JUN221910CHCNYM-NYMJSOTO22-2,player_hr,False,False,not_polled,,,
KXMLBHR-26JUN221910CHCNYM-NYMZSHORT40-2,player_hr,False,False,not_polled,,,
KXMLBHR-26JUN221910CHCNYM-CHCCKELLY15-2,player_hr,False,False,not_polled,,,
KXMLBHR-26JUN221910CHCNYM-NYMFALVAREZ4-2,player_hr,False,False,not_polled,,,
KXMLBHR-26JUN221910CHCNYM-CHCMSHAW6-2,player_hr,False,False,not_polled,,,
KXMLBHR-26JUN221910CHCNYM-CHCABREGMAN3-1,player_hr,False,False,not_polled,,,
KXMLBHR-26JUN221910CHCNYM-NYMZSHORT40-1,player_hr,False,False,not_polled,,,
KXMLBHR-26JUN221910CHCNYM-CHCMBUSCH29-1,player_hr,False,False,not_polled,,,
KXMLBHR-26JUN221910CHCNYM-CHCNHOERNER2-1,player_hr,False,False,not_polled,,,
KXMLBHR-26JUN221910CHCNYM-NYMMVIENTOS27-1,player_hr,False,False,not_polled,,,
KXMLBHR-26JUN221910CHCNYM-NYMCBENGE93-1,player_hr,False,False,not_polled,,,
KXMLBHR-26JUN221910CHCNYM-CHCPCROWARMSTRONG4-1,player_hr,False,False,not_polled,,,
KXMLBHR-26JUN221910CHCNYM-CHCIHAPP8-1,player_hr,False,False,not_polled,,,
KXMLBHR-26JUN221910CHCNYM-NYMFALVAREZ4-1,player_hr,False,False,not_polled,,,
KXMLBHR-26JUN221910CHCNYM-CHCMSHAW6-1,player_hr,False,False,not_polled,,,
KXMLBHR-26JUN221910CHCNYM-NYMCBENGE93-2,player_hr,False,False,not_polled,,,
KXMLBHR-26JUN221910CHCNYM-NYMMSEMIEN10-2,player_hr,False,False,not_polled,,,
KXMLBHR-26JUN221910CHCNYM-NYMMSEMIEN10-1,player_hr,False,False,not_polled,,,
KXMLBHR-26JUN221910CHCNYM-NYMAEWING9-2,player_hr,False,False,not_polled,,,
KXMLBHR-26JUN221910CHCNYM-NYMBBICHETTE19-2,player_hr,False,False,not_polled,,,
KXMLBHR-26JUN221910CHCNYM-CHCSSUZUKI27-1,player_hr,False,False,not_polled,,,
KXMLBHR-26JUN221910CHCNYM-NYMAEWING9-1,player_hr,False,False,not_polled,,,
KXMLBHR-26JUN221910CHCNYM-CHCDSWANSON7-2,player_hr,False,False,not_polled,,,
KXMLBHR-26JUN221910CHCNYM-CHCIHAPP8-2,player_hr,False,False,not_polled,,,
KXMLBHR-26JUN221910CHCNYM-CHCSSUZUKI27-2,player_hr,False,False,not_polled,,,
KXMLBHR-26JUN221910CHCNYM-CHCMBUSCH29-2,player_hr,False,False,not_polled,,,
KXMLBHR-26JUN221910CHCNYM-CHCCKELLY15-1,player_hr,False,False,not_polled,,,
KXMLBHR-26JUN221910CHCNYM-CHCABREGMAN3-2,player_hr,False,False,not_polled,,,
KXMLBHR-26JUN221910CHCNYM-NYMMVIENTOS27-2,player_hr,False,False,not_polled,,,
KXMLBHR-26JUN221910CHCNYM-CHCDSWANSON7-1,player_hr,False,False,not_polled,,,
KXMLBHR-26JUN221910CHCNYM-NYMBBICHETTE19-1,player_hr,False,False,not_polled,,,
KXMLBHR-26JUN221907HOUTOR-HOUJMEYERS6-2,player_hr,False,False,not_polled,,,
KXMLBHR-26JUN221907HOUTOR-TORKOKAMOTO7-2,player_hr,False,False,not_polled,,,
KXMLBHR-26JUN221907HOUTOR-HOUJPENA3-2,player_hr,False,False,not_polled,,,
KXMLBHR-26JUN221907HOUTOR-TORAKIRK30-1,player_hr,False,False,not_polled,,,
KXMLBHR-26JUN221907HOUTOR-HOUYDIAZ21-1,player_hr,False,False,not_polled,,,
KXMLBHR-26JUN221907HOUTOR-TORJSNCHEZ12-2,player_hr,False,False,not_polled,,,
KXMLBHR-26JUN221907HOUTOR-TORJSNCHEZ12-1,player_hr,False,False,not_polled,,,
KXMLBHR-26JUN221907HOUTOR-TORNLUKES38-1,player_hr,False,False,not_polled,,,
KXMLBHR-26JUN221907HOUTOR-HOUYALVAREZ44-2,player_hr,False,False,not_polled,,,
KXMLBHR-26JUN221907HOUTOR-HOUCWALKER8-2,player_hr,False,False,not_polled,,,
KXMLBHR-26JUN221907HOUTOR-TORVGUERRERO27-2,player_hr,False,False,not_polled,,,
KXMLBHR-26JUN221907HOUTOR-HOUYDIAZ21-2,player_hr,False,False,not_polled,,,
KXMLBHR-26JUN221907HOUTOR-TORDVARSHO5-2,player_hr,False,False,not_polled,,,
KXMLBHR-26JUN221907HOUTOR-HOUJLOPERFIDO31-1,player_hr,False,False,not_polled,,,
KXMLBHR-26JUN221907HOUTOR-HOUIPAREDES15-2,player_hr,False,False,not_polled,,,
KXMLBHR-26JUN221907HOUTOR-HOUJALTUVE27-2,player_hr,False,False,not_polled,,,
KXMLBHR-26JUN221907HOUTOR-HOUIPAREDES15-1,player_hr,False,False,not_polled,,,
KXMLBHR-26JUN221907HOUTOR-TORECLEMENT22-1,player_hr,False,False,not_polled,,,
KXMLBHR-26JUN221907HOUTOR-TORAKIRK30-2,player_hr,False,False,not_polled,,,
KXMLBHR-26JUN221907HOUTOR-TORGSPRINGER4-2,player_hr,False,False,not_polled,,,
KXMLBHR-26JUN221907HOUTOR-HOUYALVAREZ44-1,player_hr,False,False,not_polled,,,
KXMLBHR-26JUN221907HOUTOR-TORGSPRINGER4-1,player_hr,False,False,not_polled,,,
KXMLBHR-26JUN221907HOUTOR-HOUJALTUVE27-1,player_hr,False,False,not_polled,,,
KXMLBHR-26JUN221907HOUTOR-HOUJMEYERS6-1,player_hr,False,False,not_polled,,,
KXMLBHR-26JUN221907HOUTOR-HOUJPENA3-1,player_hr,False,False,not_polled,,,
KXMLBHR-26JUN221907HOUTOR-TORVGUERRERO27-1,player_hr,False,False,not_polled,,,
KXMLBHR-26JUN221907HOUTOR-TORDVARSHO5-1,player_hr,False,False,not_polled,,,
KXMLBHR-26JUN221907HOUTOR-HOUCWALKER8-1,player_hr,False,False,not_polled,,,
KXMLBHR-26JUN221907HOUTOR-HOUJLOPERFIDO31-2,player_hr,False,False,not_polled,,,
KXMLBHR-26JUN221907HOUTOR-TORAGIMNEZ0-1,player_hr,False,False,not_polled,,,
KXMLBHR-26JUN221907HOUTOR-TORKOKAMOTO7-1,player_hr,False,False,not_polled,,,
KXMLBHR-26JUN221845PHIWSH-WSHJWOOD29-2,player_hr,False,False,not_polled,,,
KXMLBHR-26JUN221845PHIWSH-PHIRMARCHN13-2,player_hr,False,False,not_polled,,,
KXMLBHR-26JUN221845PHIWSH-WSHDCREWS3-2,player_hr,False,False,not_polled,,,
KXMLBHR-26JUN221845PHIWSH-PHITTURNER7-1,player_hr,False,False,not_polled,,,
KXMLBHR-26JUN221845PHIWSH-WSHDCREWS3-1,player_hr,False,False,not_polled,,,
KXMLBHR-26JUN221845PHIWSH-WSHJWOOD29-1,player_hr,False,False,not_polled,,,
KXMLBHR-26JUN221845PHIWSH-WSHLGARCA2-1,player_hr,False,False,not_polled,,,
KXMLBHR-26JUN221845PHIWSH-PHIABOHM28-2,player_hr,False,False,not_polled,,,
KXMLBHR-26JUN221845PHIWSH-WSHCMEAD17-2,player_hr,False,False,not_polled,,,
KXMLBHR-26JUN221845PHIWSH-PHIDHILL25-1,player_hr,False,False,not_polled,,,
KXMLBHR-26JUN221845PHIWSH-WSHDLILE4-2,player_hr,False,False,not_polled,,,
KXMLBHR-26JUN221845PHIWSH-PHIBSTOTT5-1,player_hr,False,False,not_polled,,,
KXMLBHR-26JUN221845PHIWSH-PHITTURNER7-2,player_hr,False,False,not_polled,,,
KXMLBHR-26JUN221845PHIWSH-WSHCABRAMS5-2,player_hr,False,False,not_polled,,,
KXMLBHR-26JUN221845PHIWSH-WSHCABRAMS5-1,player_hr,False,False,not_polled,,,
KXMLBHR-26JUN221845PHIWSH-PHIESOSA33-1,player_hr,False,False,not_polled,,,
KXMLBHR-26JUN221845PHIWSH-WSHJYOUNG30-2,player_hr,False,False,not_polled,,,
KXMLBHR-26JUN221845PHIWSH-WSHJYOUNG30-1,player_hr,False,False,not_polled,,,
KXMLBHR-26JUN221845PHIWSH-WSHDLILE4-1,player_hr,False,False,not_polled,,,
KXMLBHR-26JUN221845PHIWSH-PHIBSTOTT5-2,player_hr,False,False,not_polled,,,
KXMLBHR-26JUN221845PHIWSH-PHIBMARSH16-2,player_hr,False,False,not_polled,,,
KXMLBHR-26JUN221845PHIWSH-PHIKSCHWARBER12-2,player_hr,False,False,not_polled,,,
KXMLBHR-26JUN221845PHIWSH-PHIKSCHWARBER12-1,player_hr,False,False,not_polled,,,
KXMLBHR-26JUN221845PHIWSH-PHIBHARPER3-1,player_hr,False,False,not_polled,,,
KXMLBHR-26JUN221845PHIWSH-PHIESOSA33-2,player_hr,False,False,not_polled,,,
KXMLBHR-26JUN221845PHIWSH-PHIKSCHWARBER12-3,player_hr,False,False,not_polled,,,
KXMLBHR-26JUN221845PHIWSH-WSHKRUIZ20-2,player_hr,False,False,not_polled,,,
KXMLBHR-26JUN221845PHIWSH-PHIDHILL25-2,player_hr,False,False,not_polled,,,
KXMLBHR-26JUN221845PHIWSH-WSHKRUIZ20-1,player_hr,False,False,not_polled,,,
KXMLBHR-26JUN221845PHIWSH-PHIBMARSH16-1,player_hr,False,False,not_polled,,,
KXMLBHR-26JUN221845PHIWSH-WSHNNUEZ26-1,player_hr,False,False,not_polled,,,
KXMLBHR-26JUN221845PHIWSH-PHIBHARPER3-2,player_hr,False,False,not_polled,,,
KXMLBHR-26JUN221845PHIWSH-PHIABOHM28-1,player_hr,False,False,not_polled,,,
KXMLBHR-26JUN221845PHIWSH-WSHLGARCA2-2,player_hr,False,False,not_polled,,,
KXMLBHR-26JUN221845PHIWSH-PHIRMARCHN13-1,player_hr,False,False,not_polled,,,
KXMLBHR-26JUN221845PHIWSH-WSHCMEAD17-1,player_hr,False,False,not_polled,,,
KXMLBHR-26JUN221840TEXMIA-TEXAOSUNA19-1,player_hr,False,False,not_polled,,,
KXMLBHR-26JUN221840TEXMIA-TEXJJUNG6-1,player_hr,False,False,not_polled,,,
KXMLBHR-26JUN221840TEXMIA-TEXBNIMMO24-1,player_hr,False,False,not_polled,,,
KXMLBHR-26JUN221840TEXMIA-TEXJPEDERSON3-1,player_hr,False,False,not_polled,,,
KXMLBHR-26JUN221840TEXMIA-MIAOLOPEZ6-1,player_hr,False,False,not_polled,,,
KXMLBHR-26JUN221840TEXMIA-MIAJMACK80-2,player_hr,False,False,not_polled,,,
KXMLBHR-26JUN221840TEXMIA-TEXEDAZ43-1,player_hr,False,False,not_polled,,,
KXMLBHR-26JUN221840TEXMIA-TEXWLANGFORD36-2,player_hr,False,False,not_polled,,,
KXMLBHR-26JUN221840TEXMIA-TEXEDURAN20-1,player_hr,False,False,not_polled,,,
KXMLBHR-26JUN221840TEXMIA-MIAJMARSEE87-1,player_hr,False,False,not_polled,,,
KXMLBHR-26JUN221840TEXMIA-MIAJMACK80-1,player_hr,False,False,not_polled,,,
KXMLBHR-26JUN221840TEXMIA-MIAJSANOJA8-1,player_hr,False,False,not_polled,,,
KXMLBHR-26JUN221840TEXMIA-MIAXEDWARDS9-1,player_hr,False,False,not_polled,,,
KXMLBHR-26JUN221840TEXMIA-TEXBNIMMO24-2,player_hr,False,False,not_polled,,,
KXMLBHR-26JUN221840TEXMIA-MIAJMARSEE87-2,player_hr,False,False,not_polled,,,
KXMLBHR-26JUN221840TEXMIA-MIAERUIZ3-2,player_hr,False,False,not_polled,,,
KXMLBHR-26JUN221840TEXMIA-TEXJJUNG6-2,player_hr,False,False,not_polled,,,
KXMLBHR-26JUN221840TEXMIA-MIAJSANOJA8-2,player_hr,False,False,not_polled,,,
KXMLBHR-26JUN221840TEXMIA-MIAHHERNNDEZ13-2,player_hr,False,False,not_polled,,,
KXMLBHR-26JUN221840TEXMIA-TEXJBURGER21-2,player_hr,False,False,not_polled,,,
KXMLBHR-26JUN221840TEXMIA-TEXWLANGFORD36-1,player_hr,False,False,not_polled,,,
KXMLBHR-26JUN221840TEXMIA-MIAKSTOWERS28-1,player_hr,False,False,not_polled,,,
KXMLBHR-26JUN221840TEXMIA-MIAKSTOWERS28-2,player_hr,False,False,not_polled,,,
KXMLBHR-26JUN221840TEXMIA-TEXNLOPE33-1,player_hr,False,False,not_polled,,,
KXMLBHR-26JUN221840TEXMIA-TEXEDAZ43-2,player_hr,False,False,not_polled,,,
KXMLBHR-26JUN221840TEXMIA-MIAOLOPEZ6-2,player_hr,False,False,not_polled,,,
KXMLBHR-26JUN221840TEXMIA-TEXJPEDERSON3-2,player_hr,False,False,not_polled,,,
KXMLBHR-26JUN221840TEXMIA-MIAGCONINE18-2,player_hr,False,False,not_polled,,,
KXMLBHR-26JUN221840TEXMIA-MIAHHERNNDEZ13-1,player_hr,False,False,not_polled,,,
KXMLBHR-26JUN221840TEXMIA-MIAGCONINE18-1,player_hr,False,False,not_polled,,,
KXMLBHR-26JUN221840TEXMIA-TEXJBURGER21-1,player_hr,False,False,not_polled,,,
KXMLBHR-26JUN221840TEXMIA-MIAERUIZ3-1,player_hr,False,False,not_polled,,,
KXMLBHR-26JUN221840KCTB-TBCSIMPSON14-1,player_hr,False,False,not_polled,,,
KXMLBHR-26JUN221840KCTB-KCMMASSEY19-1,player_hr,False,False,not_polled,,,
KXMLBHR-26JUN221840KCTB-KCMGARCIA11-1,player_hr,False,False,not_polled,,,
KXMLBHR-26JUN221840KCTB-TBBWILLIAMSON15-1,player_hr,False,False,not_polled,,,
KXMLBHR-26JUN221840KCTB-TBYDIAZ2-1,player_hr,False,False,not_polled,,,
KXMLBHR-26JUN221840KCTB-TBRVILADE26-1,player_hr,False,False,not_polled,,,
KXMLBHR-26JUN221840KCTB-KCSPEREZ13-2,player_hr,False,False,not_polled,,,
KXMLBHR-26JUN221840KCTB-KCJRAVE16-1,player_hr,False,False,not_polled,,,
KXMLBHR-26JUN221840KCTB-KCNLOFTIN12-1,player_hr,False,False,not_polled,,,
KXMLBHR-26JUN221840KCTB-KCJRAVE16-2,player_hr,False,False,not_polled,,,
KXMLBHR-26JUN221840KCTB-TBNFORTES40-2,player_hr,False,False,not_polled,,,
KXMLBHR-26JUN221840KCTB-KCMMASSEY19-2,player_hr,False,False,not_polled,,,
KXMLBHR-26JUN221840KCTB-TBJDELUCA21-1,player_hr,False,False,not_polled,,,
KXMLBHR-26JUN221840KCTB-TBRPALACIOS1-1,player_hr,False,False,not_polled,,,
KXMLBHR-26JUN221840KCTB-KCMGARCIA11-2,player_hr,False,False,not_polled,,,
KXMLBHR-26JUN221840KCTB-KCLTHOMAS15-2,player_hr,False,False,not_polled,,,
KXMLBHR-26JUN221840KCTB-TBYDIAZ2-2,player_hr,False,False,not_polled,,,
KXMLBHR-26JUN221840KCTB-KCCJENSEN22-2,player_hr,False,False,not_polled,,,
KXMLBHR-26JUN221840KCTB-KCCJENSEN22-1,player_hr,False,False,not_polled,,,
KXMLBHR-26JUN221840KCTB-KCLTHOMAS15-1,player_hr,False,False,not_polled,,,
KXMLBHR-26JUN221840KCTB-TBJDELUCA21-2,player_hr,False,False,not_polled,,,
KXMLBHR-26JUN221840KCTB-TBRVILADE26-2,player_hr,False,False,not_polled,,,
KXMLBHR-26JUN221840KCTB-TBJARANDA8-1,player_hr,False,False,not_polled,,,
KXMLBHR-26JUN221840KCTB-KCJCAGLIANONE14-2,player_hr,False,False,not_polled,,,
KXMLBHR-26JUN221840KCTB-TBJCAMINERO13-2,player_hr,False,False,not_polled,,,
KXMLBHR-26JUN221840KCTB-KCJCAGLIANONE14-1,player_hr,False,False,not_polled,,,
KXMLBHR-26JUN221840KCTB-KCSPEREZ13-1,player_hr,False,False,not_polled,,,
KXMLBHR-26JUN221840KCTB-KCICOLLINS1-2,player_hr,False,False,not_polled,,,
KXMLBHR-26JUN221840KCTB-TBJARANDA8-2,player_hr,False,False,not_polled,,,
KXMLBHR-26JUN221840KCTB-TBNFORTES40-1,player_hr,False,False,not_polled,,,
KXMLBHR-26JUN221840KCTB-KCICOLLINS1-1,player_hr,False,False,not_polled,,,
KXMLBHR-26JUN221840KCTB-TBJCAMINERO13-1,player_hr,False,False,not_polled,,,
KXMLBHR-26JUN221810NYYDET-NYYAROSARIO14-1,player_hr,False,False,not_polled,,,
KXMLBHR-26JUN221810NYYDET-DETJOUTMAN30-2,player_hr,False,False,not_polled,,,
KXMLBHR-26JUN221810NYYDET-NYYAROSARIO14-2,player_hr,False,False,not_polled,,,
KXMLBHR-26JUN221810NYYDET-NYYAVOLPE11-2,player_hr,False,False,not_polled,,,
KXMLBHR-26JUN221810NYYDET-NYYJCHISHOLM13-2,player_hr,False,False,not_polled,,,
KXMLBHR-26JUN221810NYYDET-DETCKEITH33-2,player_hr,False,False,not_polled,,,
KXMLBHR-26JUN221810NYYDET-NYYJDOMINGUEZ24-2,player_hr,False,False,not_polled,,,
KXMLBHR-26JUN221810NYYDET-DETKCARPENTER30-1,player_hr,False,False,not_polled,,,
KXMLBHR-26JUN221810NYYDET-DETHLEE50-2,player_hr,False,False,not_polled,,,
KXMLBHR-26JUN221810NYYDET-NYYPGOLDSCHMIDT48-2,player_hr,False,False,not_polled,,,
KXMLBHR-26JUN221810NYYDET-NYYPGOLDSCHMIDT48-1,player_hr,False,False,not_polled,,,
KXMLBHR-26JUN221810NYYDET-NYYAVOLPE11-1,player_hr,False,False,not_polled,,,
KXMLBHR-26JUN221810NYYDET-DETDDINGLER13-2,player_hr,False,False,not_polled,,,
KXMLBHR-26JUN221810NYYDET-DETRGREENE31-2,player_hr,False,False,not_polled,,,
KXMLBHR-26JUN221810NYYDET-NYYJCHISHOLM13-1,player_hr,False,False,not_polled,,,
KXMLBHR-26JUN221810NYYDET-DETKCARPENTER30-2,player_hr,False,False,not_polled,,,
KXMLBHR-26JUN221810NYYDET-DETZMCKINSTRY39-1,player_hr,False,False,not_polled,,,
KXMLBHR-26JUN221810NYYDET-DETHLEE50-1,player_hr,False,False,not_polled,,,
KXMLBHR-26JUN221810NYYDET-NYYBRICE22-2,player_hr,False,False,not_polled,,,
KXMLBHR-26JUN221810NYYDET-NYYCBELLINGER35-2,player_hr,False,False,not_polled,,,
KXMLBHR-26JUN221810NYYDET-DETKMCGONIGLE85-2,player_hr,False,False,not_polled,,,
KXMLBHR-26JUN221810NYYDET-DETJOUTMAN30-1,player_hr,False,False,not_polled,,,
KXMLBHR-26JUN221810NYYDET-DETKMCGONIGLE85-1,player_hr,False,False,not_polled,,,
KXMLBHR-26JUN221810NYYDET-DETRGREENE31-1,player_hr,False,False,not_polled,,,
KXMLBHR-26JUN221810NYYDET-NYYJCABALLERO72-1,player_hr,False,False,not_polled,,,
KXMLBHR-26JUN221810NYYDET-DETSTORKELSON20-2,player_hr,False,False,not_polled,,,
KXMLBHR-26JUN221810NYYDET-DETSTORKELSON20-1,player_hr,False,False,not_polled,,,
KXMLBHR-26JUN221810NYYDET-NYYJDOMINGUEZ24-1,player_hr,False,False,not_polled,,,
KXMLBHR-26JUN221810NYYDET-NYYCBELLINGER35-1,player_hr,False,False,not_polled,,,
KXMLBHR-26JUN221810NYYDET-NYYBRICE22-1,player_hr,False,False,not_polled,,,
KXMLBHR-26JUN221810NYYDET-DETDDINGLER13-1,player_hr,False,False,not_polled,,,
KXMLBHR-26JUN221810NYYDET-DETCKEITH33-1,player_hr,False,False,not_polled,,,
