market_ticker,market_type,is_priority,is_polled,bucket,last_snap_at,yes_bid,yes_ask
KXMLBGAME-26JUN211920NYMPHI-NYM,moneyline,True,True,fresh_empty_book,2026-06-22T00:12:31.488133+00:00,1,99
KXMLBGAME-26JUN211920NYMPHI-PHI,moneyline,True,True,fresh_empty_book,2026-06-22T00:12:31.488133+00:00,1,99
KXMLBGAME-26JUN211610BOSSEA-SEA,moneyline,True,True,fresh_with_bid_ask,2026-06-22T00:12:31.488133+00:00,55,56
KXMLBGAME-26JUN211610BOSSEA-BOS,moneyline,True,True,fresh_with_bid_ask,2026-06-22T00:12:31.488133+00:00,44,45
KXMLBGAME-26JUN211610BALLAD-BAL,moneyline,True,True,fresh_with_bid_ask,2026-06-22T00:12:31.488133+00:00,32,33
KXMLBGAME-26JUN211610BALLAD-LAD,moneyline,True,True,fresh_with_bid_ask,2026-06-22T00:12:31.488133+00:00,67,69
KXMLBGAME-26JUN211605LAAATH-LAA,moneyline,True,True,fresh_with_bid_ask,2026-06-22T00:12:31.488133+00:00,45,46
KXMLBGAME-26JUN211605LAAATH-ATH,moneyline,True,True,fresh_with_bid_ask,2026-06-22T00:12:31.488133+00:00,54,55
KXMLBGAME-26JUN211515MINAZ-AZ,moneyline,True,True,fresh_with_bid_ask,2026-06-22T00:12:31.488133+00:00,54,55
KXMLBGAME-26JUN211515MINAZ-MIN,moneyline,True,True,fresh_with_bid_ask,2026-06-22T00:12:31.488133+00:00,45,46
KXMLBGAME-26JUN211510PITCOL-PIT,moneyline,True,True,fresh_with_bid_ask,2026-06-22T00:12:31.488133+00:00,57,58
KXMLBGAME-26JUN211510PITCOL-COL,moneyline,True,True,fresh_with_bid_ask,2026-06-22T00:12:31.488133+00:00,43,44
KXMLBGAME-26JUN211435SDTEX-SD,moneyline,True,True,fresh_with_bid_ask,2026-06-22T00:12:31.488133+00:00,41,42
KXMLBGAME-26JUN211435SDTEX-TEX,moneyline,True,True,fresh_with_bid_ask,2026-06-22T00:12:31.488133+00:00,58,59
KXMLBGAME-26JUN211420TORCHC-TOR,moneyline,True,True,fresh_with_bid_ask,2026-06-22T00:12:31.488133+00:00,50,51
KXMLBGAME-26JUN211420TORCHC-CHC,moneyline,True,True,fresh_with_bid_ask,2026-06-22T00:12:31.488133+00:00,49,50
KXMLBGAME-26JUN211410STLKC-KC,moneyline,True,True,fresh_with_bid_ask,2026-06-22T00:12:31.488133+00:00,46,47
KXMLBGAME-26JUN211410STLKC-STL,moneyline,True,True,fresh_with_bid_ask,2026-06-22T00:12:31.488133+00:00,54,55
KXMLBGAME-26JUN211410CLEHOU-CLE,moneyline,True,True,fresh_with_bid_ask,2026-06-22T00:12:31.488133+00:00,44,45
KXMLBGAME-26JUN211410CLEHOU-HOU,moneyline,True,True,fresh_with_bid_ask,2026-06-22T00:12:31.488133+00:00,55,56
KXMLBGAME-26JUN211340WSHTB-WSH,moneyline,True,True,fresh_with_bid_ask,2026-06-22T00:12:31.488133+00:00,45,46
KXMLBGAME-26JUN211340WSHTB-TB,moneyline,True,True,fresh_with_bid_ask,2026-06-22T00:12:31.488133+00:00,55,56
KXMLBGAME-26JUN211340SFMIA-MIA,moneyline,True,True,fresh_with_bid_ask,2026-06-22T00:12:31.488133+00:00,43,44
KXMLBGAME-26JUN211340SFMIA-SF,moneyline,True,True,fresh_with_bid_ask,2026-06-22T00:12:31.488133+00:00,57,58
KXMLBGAME-26JUN211340CWSDET-DET,moneyline,True,True,fresh_with_bid_ask,2026-06-22T00:12:31.488133+00:00,51,52
KXMLBGAME-26JUN211340CWSDET-CWS,moneyline,True,True,fresh_with_bid_ask,2026-06-22T00:12:31.488133+00:00,49,50
KXMLBGAME-26JUN211335MILATL-MIL,moneyline,True,True,fresh_with_bid_ask,2026-06-22T00:12:31.488133+00:00,48,49
KXMLBGAME-26JUN211335MILATL-ATL,moneyline,True,True,fresh_with_bid_ask,2026-06-22T00:12:31.488133+00:00,52,53
KXMLBGAME-26JUN211335CINNYY-NYY,moneyline,True,True,fresh_with_bid_ask,2026-06-22T00:12:31.488133+00:00,52,53
KXMLBGAME-26JUN211335CINNYY-CIN,moneyline,True,True,fresh_with_bid_ask,2026-06-22T00:12:31.488133+00:00,48,49
KXMLBSPREAD-26JUN211920NYMPHI-PHI4,spread_run_line,False,True,fresh_empty_book,2026-06-22T00:12:31.488133+00:00,1,99
KXMLBSPREAD-26JUN211920NYMPHI-NYM4,spread_run_line,False,True,fresh_with_bid_ask,2026-06-22T00:12:31.488133+00:00,12,99
KXMLBSPREAD-26JUN211920NYMPHI-NYM2,spread_run_line,False,True,fresh_empty_book,2026-06-22T00:12:31.488133+00:00,1,99
KXMLBSPREAD-26JUN211920NYMPHI-PHI2,spread_run_line,False,True,fresh_empty_book,2026-06-22T00:12:31.488133+00:00,1,99
KXMLBSPREAD-26JUN211920NYMPHI-PHI3,spread_run_line,False,True,fresh_empty_book,2026-06-22T00:12:31.488133+00:00,1,99
KXMLBSPREAD-26JUN211920NYMPHI-NYM3,spread_run_line,False,True,fresh_empty_book,2026-06-22T00:12:31.488133+00:00,1,99
KXMLBSPREAD-26JUN211610BOSSEA-SEA3,spread_run_line,False,True,fresh_with_bid_ask,2026-06-22T00:12:31.488133+00:00,24,25
KXMLBSPREAD-26JUN211610BOSSEA-SEA4,spread_run_line,False,True,fresh_with_bid_ask,2026-06-22T00:12:31.488133+00:00,16,17
KXMLBSPREAD-26JUN211610BOSSEA-BOS2,spread_run_line,False,True,fresh_with_bid_ask,2026-06-22T00:12:31.488133+00:00,30,31
KXMLBSPREAD-26JUN211610BOSSEA-BOS3,spread_run_line,False,True,fresh_with_bid_ask,2026-06-22T00:12:31.488133+00:00,20,21
KXMLBSPREAD-26JUN211610BOSSEA-SEA2,spread_run_line,False,True,fresh_with_bid_ask,2026-06-22T00:12:31.488133+00:00,35,36
KXMLBSPREAD-26JUN211610BOSSEA-BOS4,spread_run_line,False,True,fresh_with_bid_ask,2026-06-22T00:12:31.488133+00:00,12,13
KXMLBSPREAD-26JUN211610BALLAD-LAD4,spread_run_line,False,True,fresh_with_bid_ask,2026-06-22T00:12:31.488133+00:00,30,31
KXMLBSPREAD-26JUN211610BALLAD-BAL3,spread_run_line,False,True,fresh_with_bid_ask,2026-06-22T00:12:31.488133+00:00,16,17
KXMLBSPREAD-26JUN211610BALLAD-LAD3,spread_run_line,False,True,fresh_with_bid_ask,2026-06-22T00:12:31.488133+00:00,39,40
KXMLBSPREAD-26JUN211610BALLAD-LAD2,spread_run_line,False,True,fresh_with_bid_ask,2026-06-22T00:12:31.488133+00:00,51,52
KXMLBSPREAD-26JUN211610BALLAD-BAL4,spread_run_line,False,True,fresh_with_bid_ask,2026-06-22T00:12:31.488133+00:00,11,12
KXMLBSPREAD-26JUN211610BALLAD-BAL2,spread_run_line,False,True,fresh_with_bid_ask,2026-06-22T00:12:31.488133+00:00,23,24
KXMLBSPREAD-26JUN211605LAAATH-ATH3,spread_run_line,False,True,fresh_with_bid_ask,2026-06-22T00:12:31.488133+00:00,26,27
KXMLBSPREAD-26JUN211605LAAATH-ATH2,spread_run_line,False,True,fresh_with_bid_ask,2026-06-22T00:12:31.488133+00:00,37,38
KXMLBSPREAD-26JUN211605LAAATH-LAA3,spread_run_line,False,True,fresh_with_bid_ask,2026-06-22T00:12:31.488133+00:00,26,27
KXMLBSPREAD-26JUN211605LAAATH-ATH4,spread_run_line,False,True,fresh_with_bid_ask,2026-06-22T00:12:31.488133+00:00,19,20
KXMLBSPREAD-26JUN211605LAAATH-LAA4,spread_run_line,False,True,fresh_with_bid_ask,2026-06-22T00:12:31.488133+00:00,19,20
KXMLBSPREAD-26JUN211605LAAATH-LAA2,spread_run_line,False,True,fresh_with_bid_ask,2026-06-22T00:12:31.488133+00:00,34,35
KXMLBSPREAD-26JUN211515MINAZ-AZ3,spread_run_line,False,True,fresh_with_bid_ask,2026-06-22T00:12:31.488133+00:00,27,29
KXMLBSPREAD-26JUN211515MINAZ-MIN4,spread_run_line,False,True,fresh_with_bid_ask,2026-06-22T00:12:31.488133+00:00,18,19
KXMLBSPREAD-26JUN211515MINAZ-AZ4,spread_run_line,False,True,fresh_with_bid_ask,2026-06-22T00:12:31.488133+00:00,20,21
KXMLBSPREAD-26JUN211515MINAZ-AZ2,spread_run_line,False,True,fresh_with_bid_ask,2026-06-22T00:12:31.488133+00:00,37,38
KXMLBSPREAD-26JUN211515MINAZ-MIN2,spread_run_line,False,True,fresh_with_bid_ask,2026-06-22T00:12:31.488133+00:00,34,35
KXMLBSPREAD-26JUN211515MINAZ-MIN3,spread_run_line,False,True,fresh_with_bid_ask,2026-06-22T00:12:31.488133+00:00,25,26
KXMLBSPREAD-26JUN211510PITCOL-PIT3,spread_run_line,False,True,fresh_with_bid_ask,2026-06-22T00:12:31.488133+00:00,38,39
KXMLBSPREAD-26JUN211510PITCOL-COL4,spread_run_line,False,True,fresh_with_bid_ask,2026-06-22T00:12:31.488133+00:00,15,16
KXMLBSPREAD-26JUN211510PITCOL-PIT2,spread_run_line,False,True,fresh_with_bid_ask,2026-06-22T00:12:31.488133+00:00,48,49
KXMLBSPREAD-26JUN211510PITCOL-PIT4,spread_run_line,False,True,fresh_with_bid_ask,2026-06-22T00:12:31.488133+00:00,29,31
KXMLBSPREAD-26JUN211510PITCOL-COL3,spread_run_line,False,True,fresh_with_bid_ask,2026-06-22T00:12:31.488133+00:00,21,22
KXMLBSPREAD-26JUN211510PITCOL-COL2,spread_run_line,False,True,fresh_with_bid_ask,2026-06-22T00:12:31.488133+00:00,28,29
KXMLBSPREAD-26JUN211435SDTEX-TEX3,spread_run_line,False,True,fresh_with_bid_ask,2026-06-22T00:12:31.488133+00:00,29,30
KXMLBSPREAD-26JUN211435SDTEX-SD3,spread_run_line,False,True,fresh_with_bid_ask,2026-06-22T00:12:31.488133+00:00,20,21
KXMLBSPREAD-26JUN211435SDTEX-TEX2,spread_run_line,False,True,fresh_with_bid_ask,2026-06-22T00:12:31.488133+00:00,40,41
KXMLBSPREAD-26JUN211435SDTEX-SD2,spread_run_line,False,True,fresh_with_bid_ask,2026-06-22T00:12:31.488133+00:00,29,30
KXMLBSPREAD-26JUN211435SDTEX-TEX4,spread_run_line,False,True,fresh_with_bid_ask,2026-06-22T00:12:31.488133+00:00,20,21
KXMLBSPREAD-26JUN211435SDTEX-SD4,spread_run_line,False,True,fresh_with_bid_ask,2026-06-22T00:12:31.488133+00:00,14,15
KXMLBSPREAD-26JUN211420TORCHC-TOR3,spread_run_line,False,True,fresh_with_bid_ask,2026-06-22T00:12:31.488133+00:00,26,27
KXMLBSPREAD-26JUN211420TORCHC-TOR4,spread_run_line,False,True,fresh_with_bid_ask,2026-06-22T00:12:31.488133+00:00,18,19
KXMLBSPREAD-26JUN211420TORCHC-CHC4,spread_run_line,False,True,fresh_with_bid_ask,2026-06-22T00:12:31.488133+00:00,12,13
KXMLBSPREAD-26JUN211420TORCHC-TOR2,spread_run_line,False,True,fresh_with_bid_ask,2026-06-22T00:12:31.488133+00:00,36,38
KXMLBSPREAD-26JUN211420TORCHC-CHC2,spread_run_line,False,True,fresh_with_bid_ask,2026-06-22T00:12:31.488133+00:00,30,31
KXMLBSPREAD-26JUN211420TORCHC-CHC3,spread_run_line,False,True,fresh_with_bid_ask,2026-06-22T00:12:31.488133+00:00,20,21
KXMLBSPREAD-26JUN211410STLKC-KC2,spread_run_line,False,True,fresh_with_bid_ask,2026-06-22T00:12:31.488133+00:00,30,31
KXMLBSPREAD-26JUN211410STLKC-KC3,spread_run_line,False,True,fresh_with_bid_ask,2026-06-22T00:12:31.488133+00:00,20,21
KXMLBSPREAD-26JUN211410STLKC-KC4,spread_run_line,False,True,fresh_with_bid_ask,2026-06-22T00:12:31.488133+00:00,13,14
KXMLBSPREAD-26JUN211410STLKC-STL2,spread_run_line,False,True,fresh_with_bid_ask,2026-06-22T00:12:31.488133+00:00,42,43
KXMLBSPREAD-26JUN211410STLKC-STL3,spread_run_line,False,True,fresh_with_bid_ask,2026-06-22T00:12:31.488133+00:00,32,33
KXMLBSPREAD-26JUN211410STLKC-STL4,spread_run_line,False,True,fresh_with_bid_ask,2026-06-22T00:12:31.488133+00:00,22,23
KXMLBSPREAD-26JUN211410CLEHOU-CLE4,spread_run_line,False,True,fresh_with_bid_ask,2026-06-22T00:12:31.488133+00:00,16,17
KXMLBSPREAD-26JUN211410CLEHOU-HOU2,spread_run_line,False,True,fresh_with_bid_ask,2026-06-22T00:12:31.488133+00:00,38,39
KXMLBSPREAD-26JUN211410CLEHOU-HOU3,spread_run_line,False,True,fresh_with_bid_ask,2026-06-22T00:12:31.488133+00:00,27,29
KXMLBSPREAD-26JUN211410CLEHOU-CLE3,spread_run_line,False,True,fresh_with_bid_ask,2026-06-22T00:12:31.488133+00:00,24,25
KXMLBSPREAD-26JUN211410CLEHOU-CLE2,spread_run_line,False,True,fresh_with_bid_ask,2026-06-22T00:12:31.488133+00:00,33,34
KXMLBSPREAD-26JUN211410CLEHOU-HOU4,spread_run_line,False,True,fresh_with_bid_ask,2026-06-22T00:12:31.488133+00:00,19,20
KXMLBSPREAD-26JUN211340WSHTB-WSH2,spread_run_line,False,True,fresh_with_bid_ask,2026-06-22T00:12:31.488133+00:00,33,34
KXMLBSPREAD-26JUN211340WSHTB-TB4,spread_run_line,False,True,fresh_with_bid_ask,2026-06-22T00:12:31.488133+00:00,18,20
KXMLBSPREAD-26JUN211340WSHTB-TB2,spread_run_line,False,True,fresh_with_bid_ask,2026-06-22T00:12:31.488133+00:00,37,38
KXMLBSPREAD-26JUN211340WSHTB-WSH3,spread_run_line,False,True,fresh_with_bid_ask,2026-06-22T00:12:31.488133+00:00,23,24
KXMLBSPREAD-26JUN211340WSHTB-WSH4,spread_run_line,False,True,fresh_with_bid_ask,2026-06-22T00:12:31.488133+00:00,15,17
KXMLBSPREAD-26JUN211340WSHTB-TB3,spread_run_line,False,True,fresh_with_bid_ask,2026-06-22T00:12:31.488133+00:00,26,27
KXMLBSPREAD-26JUN211340SFMIA-MIA4,spread_run_line,False,True,fresh_with_bid_ask,2026-06-22T00:12:31.488133+00:00,11,12
KXMLBSPREAD-26JUN211340SFMIA-MIA3,spread_run_line,False,True,fresh_with_bid_ask,2026-06-22T00:12:31.488133+00:00,17,18
KXMLBSPREAD-26JUN211340SFMIA-SF2,spread_run_line,False,True,fresh_with_bid_ask,2026-06-22T00:12:31.488133+00:00,44,45
KXMLBSPREAD-26JUN211340SFMIA-SF3,spread_run_line,False,True,fresh_with_bid_ask,2026-06-22T00:12:31.488133+00:00,32,33
KXMLBSPREAD-26JUN211340SFMIA-MIA2,spread_run_line,False,True,fresh_with_bid_ask,2026-06-22T00:12:31.488133+00:00,26,27
KXMLBSPREAD-26JUN211340SFMIA-SF4,spread_run_line,False,True,fresh_with_bid_ask,2026-06-22T00:12:31.488133+00:00,24,25
KXMLBSPREAD-26JUN211340CWSDET-DET3,spread_run_line,False,True,fresh_with_bid_ask,2026-06-22T00:12:31.488133+00:00,24,25
KXMLBSPREAD-26JUN211340CWSDET-DET2,spread_run_line,False,True,fresh_with_bid_ask,2026-06-22T00:12:31.488133+00:00,34,35
KXMLBSPREAD-26JUN211340CWSDET-DET4,spread_run_line,False,True,fresh_with_bid_ask,2026-06-22T00:12:31.488133+00:00,16,17
KXMLBSPREAD-26JUN211340CWSDET-CWS3,spread_run_line,False,True,fresh_with_bid_ask,2026-06-22T00:12:31.488133+00:00,26,27
KXMLBSPREAD-26JUN211340CWSDET-CWS4,spread_run_line,False,True,fresh_with_bid_ask,2026-06-22T00:12:31.488133+00:00,18,19
KXMLBSPREAD-26JUN211340CWSDET-CWS2,spread_run_line,False,True,fresh_with_bid_ask,2026-06-22T00:12:31.488133+00:00,36,37
KXMLBSPREAD-26JUN211335MILATL-MIL4,spread_run_line,False,True,fresh_with_bid_ask,2026-06-22T00:12:31.488133+00:00,18,19
KXMLBSPREAD-26JUN211335MILATL-MIL3,spread_run_line,False,True,fresh_with_bid_ask,2026-06-22T00:12:31.488133+00:00,26,28
KXMLBSPREAD-26JUN211335MILATL-MIL2,spread_run_line,False,True,fresh_with_bid_ask,2026-06-22T00:12:31.488133+00:00,36,37
KXMLBSPREAD-26JUN211335MILATL-ATL2,spread_run_line,False,True,fresh_with_bid_ask,2026-06-22T00:12:31.488133+00:00,35,36
KXMLBSPREAD-26JUN211335MILATL-ATL3,spread_run_line,False,True,fresh_with_bid_ask,2026-06-22T00:12:31.488133+00:00,25,26
KXMLBSPREAD-26JUN211335MILATL-ATL4,spread_run_line,False,True,fresh_with_bid_ask,2026-06-22T00:12:31.488133+00:00,18,19
KXMLBSPREAD-26JUN211335CINNYY-CIN3,spread_run_line,False,True,fresh_with_bid_ask,2026-06-22T00:12:31.488133+00:00,26,27
KXMLBSPREAD-26JUN211335CINNYY-CIN4,spread_run_line,False,True,fresh_with_bid_ask,2026-06-22T00:12:31.488133+00:00,19,20
KXMLBSPREAD-26JUN211335CINNYY-NYY3,spread_run_line,False,True,fresh_with_bid_ask,2026-06-22T00:12:31.488133+00:00,24,25
KXMLBSPREAD-26JUN211335CINNYY-NYY2,spread_run_line,False,True,fresh_with_bid_ask,2026-06-22T00:12:31.488133+00:00,34,35
KXMLBSPREAD-26JUN211335CINNYY-CIN2,spread_run_line,False,True,fresh_with_bid_ask,2026-06-22T00:12:31.488133+00:00,36,37
KXMLBSPREAD-26JUN211335CINNYY-NYY4,spread_run_line,False,True,fresh_with_bid_ask,2026-06-22T00:12:31.488133+00:00,17,18
KXMLBTOTAL-26JUN211920NYMPHI-13,full_game_total,True,True,fresh_empty_book,2026-06-22T00:12:31.488133+00:00,1,99
KXMLBTOTAL-26JUN211920NYMPHI-3,full_game_total,True,True,fresh_empty_book,2026-06-22T00:12:31.488133+00:00,1,97
KXMLBTOTAL-26JUN211920NYMPHI-8,full_game_total,True,True,fresh_empty_book,2026-06-22T00:12:31.488133+00:00,1,99
KXMLBTOTAL-26JUN211920NYMPHI-12,full_game_total,True,True,fresh_empty_book,2026-06-22T00:12:31.488133+00:00,1,99
KXMLBTOTAL-26JUN211920NYMPHI-10,full_game_total,True,True,fresh_empty_book,2026-06-22T00:12:31.488133+00:00,1,99
KXMLBTOTAL-26JUN211920NYMPHI-5,full_game_total,True,True,fresh_with_bid_ask,2026-06-22T00:12:31.488133+00:00,1,85
KXMLBTOTAL-26JUN211920NYMPHI-6,full_game_total,True,True,fresh_empty_book,2026-06-22T00:12:31.488133+00:00,1,99
KXMLBTOTAL-26JUN211920NYMPHI-9,full_game_total,True,True,fresh_empty_book,2026-06-22T00:12:31.488133+00:00,1,99
KXMLBTOTAL-26JUN211920NYMPHI-7,full_game_total,True,True,fresh_empty_book,2026-06-22T00:12:31.488133+00:00,1,99
KXMLBTOTAL-26JUN211920NYMPHI-11,full_game_total,True,True,fresh_empty_book,2026-06-22T00:12:31.488133+00:00,1,99
KXMLBTOTAL-26JUN211920NYMPHI-4,full_game_total,True,True,fresh_empty_book,2026-06-22T00:12:31.488133+00:00,1,92
KXMLBTOTAL-26JUN211610BOSSEA-5,full_game_total,True,True,fresh_with_bid_ask,2026-06-22T00:12:31.488133+00:00,74,75
KXMLBTOTAL-26JUN211610BOSSEA-7,full_game_total,True,True,fresh_with_bid_ask,2026-06-22T00:12:31.488133+00:00,51,52
KXMLBTOTAL-26JUN211610BOSSEA-4,full_game_total,True,True,fresh_with_bid_ask,2026-06-22T00:12:31.488133+00:00,82,84
KXMLBTOTAL-26JUN211610BOSSEA-9,full_game_total,True,True,fresh_with_bid_ask,2026-06-22T00:12:31.488133+00:00,31,32
KXMLBTOTAL-26JUN211610BOSSEA-10,full_game_total,True,True,fresh_with_bid_ask,2026-06-22T00:12:31.488133+00:00,22,23
KXMLBTOTAL-26JUN211610BOSSEA-6,full_game_total,True,True,fresh_with_bid_ask,2026-06-22T00:12:31.488133+00:00,61,62
KXMLBTOTAL-26JUN211610BOSSEA-3,full_game_total,True,True,fresh_with_bid_ask,2026-06-22T00:12:31.488133+00:00,92,94
KXMLBTOTAL-26JUN211610BOSSEA-11,full_game_total,True,True,fresh_with_bid_ask,2026-06-22T00:12:31.488133+00:00,16,17
KXMLBTOTAL-26JUN211610BOSSEA-2,full_game_total,True,True,fresh_with_bid_ask,2026-06-22T00:12:31.488133+00:00,96,98
KXMLBTOTAL-26JUN211610BOSSEA-8,full_game_total,True,True,fresh_with_bid_ask,2026-06-22T00:12:31.488133+00:00,38,39
KXMLBTOTAL-26JUN211610BALLAD-11,full_game_total,True,True,fresh_with_bid_ask,2026-06-22T00:12:31.488133+00:00,38,39
KXMLBTOTAL-26JUN211610BALLAD-10,full_game_total,True,True,fresh_with_bid_ask,2026-06-22T00:12:31.488133+00:00,45,46
KXMLBTOTAL-26JUN211610BALLAD-7,full_game_total,True,True,fresh_with_bid_ask,2026-06-22T00:12:31.488133+00:00,74,75
KXMLBTOTAL-26JUN211610BALLAD-6,full_game_total,True,True,fresh_with_bid_ask,2026-06-22T00:12:31.488133+00:00,81,82
KXMLBTOTAL-26JUN211610BALLAD-4,full_game_total,True,True,fresh_with_bid_ask,2026-06-22T00:12:31.488133+00:00,94,96
KXMLBTOTAL-26JUN211610BALLAD-9,full_game_total,True,True,fresh_with_bid_ask,2026-06-22T00:12:31.488133+00:00,55,56
KXMLBTOTAL-26JUN211610BALLAD-13,full_game_total,True,True,fresh_with_bid_ask,2026-06-22T00:12:31.488133+00:00,23,24
KXMLBTOTAL-26JUN211610BALLAD-8,full_game_total,True,True,fresh_with_bid_ask,2026-06-22T00:12:31.488133+00:00,64,65
KXMLBTOTAL-26JUN211610BALLAD-14,full_game_total,True,True,fresh_with_bid_ask,2026-06-22T00:12:31.488133+00:00,16,17
KXMLBTOTAL-26JUN211610BALLAD-5,full_game_total,True,True,fresh_with_bid_ask,2026-06-22T00:12:31.488133+00:00,89,91
KXMLBTOTAL-26JUN211610BALLAD-12,full_game_total,True,True,fresh_with_bid_ask,2026-06-22T00:12:31.488133+00:00,29,30
KXMLBTOTAL-26JUN211605LAAATH-9,full_game_total,True,True,fresh_with_bid_ask,2026-06-22T00:12:31.488133+00:00,56,57
KXMLBTOTAL-26JUN211605LAAATH-5,full_game_total,True,True,fresh_with_bid_ask,2026-06-22T00:12:31.488133+00:00,90,92
KXMLBTOTAL-26JUN211605LAAATH-6,full_game_total,True,True,fresh_with_bid_ask,2026-06-22T00:12:31.488133+00:00,82,83
KXMLBTOTAL-26JUN211605LAAATH-7,full_game_total,True,True,fresh_with_bid_ask,2026-06-22T00:12:31.488133+00:00,75,76
KXMLBTOTAL-26JUN211605LAAATH-14,full_game_total,True,True,fresh_with_bid_ask,2026-06-22T00:12:31.488133+00:00,18,19
KXMLBTOTAL-26JUN211605LAAATH-8,full_game_total,True,True,fresh_with_bid_ask,2026-06-22T00:12:31.488133+00:00,64,65
KXMLBTOTAL-26JUN211605LAAATH-4,full_game_total,True,True,fresh_with_bid_ask,2026-06-22T00:12:31.488133+00:00,94,95
KXMLBTOTAL-26JUN211605LAAATH-12,full_game_total,True,True,fresh_with_bid_ask,2026-06-22T00:12:31.488133+00:00,30,31
KXMLBTOTAL-26JUN211605LAAATH-13,full_game_total,True,True,fresh_with_bid_ask,2026-06-22T00:12:31.488133+00:00,24,25
KXMLBTOTAL-26JUN211605LAAATH-10,full_game_total,True,True,fresh_with_bid_ask,2026-06-22T00:12:31.488133+00:00,46,47
KXMLBTOTAL-26JUN211605LAAATH-11,full_game_total,True,True,fresh_with_bid_ask,2026-06-22T00:12:31.488133+00:00,39,40
KXMLBTOTAL-26JUN211515MINAZ-4,full_game_total,True,True,fresh_with_bid_ask,2026-06-22T00:12:31.488133+00:00,91,94
KXMLBTOTAL-26JUN211515MINAZ-11,full_game_total,True,True,fresh_with_bid_ask,2026-06-22T00:12:31.488133+00:00,40,41
KXMLBTOTAL-26JUN211515MINAZ-13,full_game_total,True,True,fresh_with_bid_ask,2026-06-22T00:12:31.488133+00:00,25,27
KXMLBTOTAL-26JUN211515MINAZ-9,full_game_total,True,True,fresh_with_bid_ask,2026-06-22T00:12:31.488133+00:00,58,59
KXMLBTOTAL-26JUN211515MINAZ-12,full_game_total,True,True,fresh_with_bid_ask,2026-06-22T00:12:31.488133+00:00,30,31
KXMLBTOTAL-26JUN211515MINAZ-7,full_game_total,True,True,fresh_with_bid_ask,2026-06-22T00:12:31.488133+00:00,76,77
KXMLBTOTAL-26JUN211515MINAZ-14,full_game_total,True,True,fresh_with_bid_ask,2026-06-22T00:12:31.488133+00:00,18,19
KXMLBTOTAL-26JUN211515MINAZ-5,full_game_total,True,True,fresh_with_bid_ask,2026-06-22T00:12:31.488133+00:00,91,92
KXMLBTOTAL-26JUN211515MINAZ-6,full_game_total,True,True,fresh_with_bid_ask,2026-06-22T00:12:31.488133+00:00,83,84
KXMLBTOTAL-26JUN211515MINAZ-8,full_game_total,True,True,fresh_with_bid_ask,2026-06-22T00:12:31.488133+00:00,65,66
KXMLBTOTAL-26JUN211515MINAZ-10,full_game_total,True,True,fresh_with_bid_ask,2026-06-22T00:12:31.488133+00:00,47,48
KXMLBTOTAL-26JUN211510PITCOL-8,full_game_total,True,True,fresh_with_bid_ask,2026-06-22T00:12:31.488133+00:00,81,82
KXMLBTOTAL-26JUN211510PITCOL-17,full_game_total,True,True,fresh_with_bid_ask,2026-06-22T00:12:31.488133+00:00,18,19
KXMLBTOTAL-26JUN211510PITCOL-7,full_game_total,True,True,fresh_with_bid_ask,2026-06-22T00:12:31.488133+00:00,87,89
KXMLBTOTAL-26JUN211510PITCOL-10,full_game_total,True,True,fresh_with_bid_ask,2026-06-22T00:12:31.488133+00:00,67,68
KXMLBTOTAL-26JUN211510PITCOL-16,full_game_total,True,True,fresh_with_bid_ask,2026-06-22T00:12:31.488133+00:00,23,24
KXMLBTOTAL-26JUN211510PITCOL-12,full_game_total,True,True,fresh_with_bid_ask,2026-06-22T00:12:31.488133+00:00,50,51
KXMLBTOTAL-26JUN211510PITCOL-15,full_game_total,True,True,fresh_with_bid_ask,2026-06-22T00:12:31.488133+00:00,29,30
KXMLBTOTAL-26JUN211510PITCOL-9,full_game_total,True,True,fresh_with_bid_ask,2026-06-22T00:12:31.488133+00:00,75,76
KXMLBTOTAL-26JUN211510PITCOL-11,full_game_total,True,True,fresh_with_bid_ask,2026-06-22T00:12:31.488133+00:00,59,60
KXMLBTOTAL-26JUN211510PITCOL-13,full_game_total,True,True,fresh_with_bid_ask,2026-06-22T00:12:31.488133+00:00,43,44
KXMLBTOTAL-26JUN211510PITCOL-14,full_game_total,True,True,fresh_with_bid_ask,2026-06-22T00:12:31.488133+00:00,35,36
KXMLBTOTAL-26JUN211435SDTEX-7,full_game_total,True,True,fresh_with_bid_ask,2026-06-22T00:12:31.488133+00:00,65,66
KXMLBTOTAL-26JUN211435SDTEX-12,full_game_total,True,True,fresh_with_bid_ask,2026-06-22T00:12:31.488133+00:00,21,22
KXMLBTOTAL-26JUN211435SDTEX-3,full_game_total,True,True,fresh_with_bid_ask,2026-06-22T00:12:31.488133+00:00,96,97
KXMLBTOTAL-26JUN211435SDTEX-9,full_game_total,True,True,fresh_with_bid_ask,2026-06-22T00:12:31.488133+00:00,45,47
KXMLBTOTAL-26JUN211435SDTEX-11,full_game_total,True,True,fresh_with_bid_ask,2026-06-22T00:12:31.488133+00:00,28,29
KXMLBTOTAL-26JUN211435SDTEX-5,full_game_total,True,True,fresh_with_bid_ask,2026-06-22T00:12:31.488133+00:00,84,86
KXMLBTOTAL-26JUN211435SDTEX-6,full_game_total,True,True,fresh_with_bid_ask,2026-06-22T00:12:31.488133+00:00,74,75
KXMLBTOTAL-26JUN211435SDTEX-8,full_game_total,True,True,fresh_with_bid_ask,2026-06-22T00:12:31.488133+00:00,54,55
KXMLBTOTAL-26JUN211435SDTEX-4,full_game_total,True,True,fresh_with_bid_ask,2026-06-22T00:12:31.488133+00:00,90,91
KXMLBTOTAL-26JUN211435SDTEX-10,full_game_total,True,True,fresh_with_bid_ask,2026-06-22T00:12:31.488133+00:00,35,36
KXMLBTOTAL-26JUN211435SDTEX-2,full_game_total,True,True,fresh_with_bid_ask,2026-06-22T00:12:31.488133+00:00,98,99
KXMLBTOTAL-26JUN211420TORCHC-10,full_game_total,True,True,fresh_with_bid_ask,2026-06-22T00:12:31.488133+00:00,26,28
KXMLBTOTAL-26JUN211420TORCHC-4,full_game_total,True,True,fresh_with_bid_ask,2026-06-22T00:12:31.488133+00:00,86,87
KXMLBTOTAL-26JUN211420TORCHC-3,full_game_total,True,True,fresh_with_bid_ask,2026-06-22T00:12:31.488133+00:00,94,96
KXMLBTOTAL-26JUN211420TORCHC-6,full_game_total,True,True,fresh_with_bid_ask,2026-06-22T00:12:31.488133+00:00,64,65
KXMLBTOTAL-26JUN211420TORCHC-5,full_game_total,True,True,fresh_with_bid_ask,2026-06-22T00:12:31.488133+00:00,78,80
KXMLBTOTAL-26JUN211420TORCHC-8,full_game_total,True,True,fresh_with_bid_ask,2026-06-22T00:12:31.488133+00:00,45,46
KXMLBTOTAL-26JUN211420TORCHC-11,full_game_total,True,True,fresh_with_bid_ask,2026-06-22T00:12:31.488133+00:00,20,21
KXMLBTOTAL-26JUN211420TORCHC-7,full_game_total,True,True,fresh_with_bid_ask,2026-06-22T00:12:31.488133+00:00,57,58
KXMLBTOTAL-26JUN211420TORCHC-9,full_game_total,True,True,fresh_with_bid_ask,2026-06-22T00:12:31.488133+00:00,36,37
KXMLBTOTAL-26JUN211420TORCHC-2,full_game_total,True,True,fresh_with_bid_ask,2026-06-22T00:12:31.488133+00:00,97,99
KXMLBTOTAL-26JUN211410STLKC-5,full_game_total,True,True,fresh_with_bid_ask,2026-06-22T00:12:31.488133+00:00,88,90
KXMLBTOTAL-26JUN211410STLKC-4,full_game_total,True,True,fresh_with_bid_ask,2026-06-22T00:12:31.488133+00:00,93,95
KXMLBTOTAL-26JUN211410STLKC-6,full_game_total,True,True,fresh_with_bid_ask,2026-06-22T00:12:31.488133+00:00,79,81
KXMLBTOTAL-26JUN211410STLKC-12,full_game_total,True,True,fresh_with_bid_ask,2026-06-22T00:12:31.488133+00:00,27,28
KXMLBTOTAL-26JUN211410STLKC-14,full_game_total,True,True,fresh_with_bid_ask,2026-06-22T00:12:31.488133+00:00,15,16
KXMLBTOTAL-26JUN211410STLKC-13,full_game_total,True,True,fresh_with_bid_ask,2026-06-22T00:12:31.488133+00:00,21,22
KXMLBTOTAL-26JUN211410STLKC-7,full_game_total,True,True,fresh_with_bid_ask,2026-06-22T00:12:31.488133+00:00,71,72
KXMLBTOTAL-26JUN211410STLKC-11,full_game_total,True,True,fresh_with_bid_ask,2026-06-22T00:12:31.488133+00:00,36,37
KXMLBTOTAL-26JUN211410STLKC-8,full_game_total,True,True,fresh_with_bid_ask,2026-06-22T00:12:31.488133+00:00,61,62
KXMLBTOTAL-26JUN211410STLKC-10,full_game_total,True,True,fresh_with_bid_ask,2026-06-22T00:12:31.488133+00:00,42,43
KXMLBTOTAL-26JUN211410STLKC-9,full_game_total,True,True,fresh_with_bid_ask,2026-06-22T00:12:31.488133+00:00,53,54
KXMLBTOTAL-26JUN211410CLEHOU-4,full_game_total,True,True,fresh_with_bid_ask,2026-06-22T00:12:31.488133+00:00,92,94
KXMLBTOTAL-26JUN211410CLEHOU-5,full_game_total,True,True,fresh_with_bid_ask,2026-06-22T00:12:31.488133+00:00,87,89
KXMLBTOTAL-26JUN211410CLEHOU-11,full_game_total,True,True,fresh_with_bid_ask,2026-06-22T00:12:31.488133+00:00,33,34
KXMLBTOTAL-26JUN211410CLEHOU-7,full_game_total,True,True,fresh_with_bid_ask,2026-06-22T00:12:31.488133+00:00,70,71
KXMLBTOTAL-26JUN211410CLEHOU-14,full_game_total,True,True,fresh_with_bid_ask,2026-06-22T00:12:31.488133+00:00,14,15
KXMLBTOTAL-26JUN211410CLEHOU-13,full_game_total,True,True,fresh_with_bid_ask,2026-06-22T00:12:31.488133+00:00,20,21
KXMLBTOTAL-26JUN211410CLEHOU-12,full_game_total,True,True,fresh_with_bid_ask,2026-06-22T00:12:31.488133+00:00,25,26
KXMLBTOTAL-26JUN211410CLEHOU-6,full_game_total,True,True,fresh_with_bid_ask,2026-06-22T00:12:31.488133+00:00,78,79
KXMLBTOTAL-26JUN211410CLEHOU-8,full_game_total,True,True,fresh_with_bid_ask,2026-06-22T00:12:31.488133+00:00,59,60
KXMLBTOTAL-26JUN211410CLEHOU-9,full_game_total,True,True,fresh_with_bid_ask,2026-06-22T00:12:31.488133+00:00,51,52
KXMLBTOTAL-26JUN211410CLEHOU-10,full_game_total,True,True,fresh_with_bid_ask,2026-06-22T00:12:31.488133+00:00,41,42
KXMLBTOTAL-26JUN211340WSHTB-10,full_game_total,True,True,fresh_with_bid_ask,2026-06-22T00:12:31.488133+00:00,37,38
KXMLBTOTAL-26JUN211340WSHTB-8,full_game_total,True,True,fresh_with_bid_ask,2026-06-22T00:12:31.488133+00:00,56,57
KXMLBTOTAL-26JUN211340WSHTB-11,full_game_total,True,True,fresh_with_bid_ask,2026-06-22T00:12:31.488133+00:00,30,31
KXMLBTOTAL-26JUN211340WSHTB-5,full_game_total,True,True,fresh_with_bid_ask,2026-06-22T00:12:31.488133+00:00,85,87
KXMLBTOTAL-26JUN211340WSHTB-3,full_game_total,True,True,fresh_with_bid_ask,2026-06-22T00:12:31.488133+00:00,96,98
KXMLBTOTAL-26JUN211340WSHTB-6,full_game_total,True,True,fresh_with_bid_ask,2026-06-22T00:12:31.488133+00:00,76,77
KXMLBTOTAL-26JUN211340WSHTB-12,full_game_total,True,True,fresh_with_bid_ask,2026-06-22T00:12:31.488133+00:00,21,22
KXMLBTOTAL-26JUN211340WSHTB-4,full_game_total,True,True,fresh_with_bid_ask,2026-06-22T00:12:31.488133+00:00,91,93
KXMLBTOTAL-26JUN211340WSHTB-9,full_game_total,True,True,fresh_with_bid_ask,2026-06-22T00:12:31.488133+00:00,47,49
KXMLBTOTAL-26JUN211340WSHTB-13,full_game_total,True,True,fresh_with_bid_ask,2026-06-22T00:12:31.488133+00:00,16,17
KXMLBTOTAL-26JUN211340WSHTB-7,full_game_total,True,True,fresh_with_bid_ask,2026-06-22T00:12:31.488133+00:00,68,69
KXMLBTOTAL-26JUN211340SFMIA-3,full_game_total,True,True,fresh_with_bid_ask,2026-06-22T00:12:31.488133+00:00,96,98
KXMLBTOTAL-26JUN211340SFMIA-4,full_game_total,True,True,fresh_with_bid_ask,2026-06-22T00:12:31.488133+00:00,91,93
KXMLBTOTAL-26JUN211340SFMIA-12,full_game_total,True,True,fresh_with_bid_ask,2026-06-22T00:12:31.488133+00:00,21,22
KXMLBTOTAL-26JUN211340SFMIA-5,full_game_total,True,True,fresh_with_bid_ask,2026-06-22T00:12:31.488133+00:00,85,87
KXMLBTOTAL-26JUN211340SFMIA-7,full_game_total,True,True,fresh_with_bid_ask,2026-06-22T00:12:31.488133+00:00,67,68
KXMLBTOTAL-26JUN211340SFMIA-6,full_game_total,True,True,fresh_with_bid_ask,2026-06-22T00:12:31.488133+00:00,75,77
KXMLBTOTAL-26JUN211340SFMIA-9,full_game_total,True,True,fresh_with_bid_ask,2026-06-22T00:12:31.488133+00:00,48,49
KXMLBTOTAL-26JUN211340SFMIA-2,full_game_total,True,True,fresh_with_bid_ask,2026-06-22T00:12:31.488133+00:00,98,99
KXMLBTOTAL-26JUN211340SFMIA-10,full_game_total,True,True,fresh_with_bid_ask,2026-06-22T00:12:31.488133+00:00,36,37
KXMLBTOTAL-26JUN211340SFMIA-8,full_game_total,True,True,fresh_with_bid_ask,2026-06-22T00:12:31.488133+00:00,56,57
KXMLBTOTAL-26JUN211340SFMIA-11,full_game_total,True,True,fresh_with_bid_ask,2026-06-22T00:12:31.488133+00:00,29,30
KXMLBTOTAL-26JUN211340CWSDET-6,full_game_total,True,True,fresh_with_bid_ask,2026-06-22T00:12:31.488133+00:00,77,78
KXMLBTOTAL-26JUN211340CWSDET-12,full_game_total,True,True,fresh_with_bid_ask,2026-06-22T00:12:31.488133+00:00,24,25
KXMLBTOTAL-26JUN211340CWSDET-3,full_game_total,True,True,fresh_with_bid_ask,2026-06-22T00:12:31.488133+00:00,97,99
KXMLBTOTAL-26JUN211340CWSDET-5,full_game_total,True,True,fresh_with_bid_ask,2026-06-22T00:12:31.488133+00:00,86,87
KXMLBTOTAL-26JUN211340CWSDET-13,full_game_total,True,True,fresh_with_bid_ask,2026-06-22T00:12:31.488133+00:00,18,19
KXMLBTOTAL-26JUN211340CWSDET-9,full_game_total,True,True,fresh_with_bid_ask,2026-06-22T00:12:31.488133+00:00,50,51
KXMLBTOTAL-26JUN211340CWSDET-4,full_game_total,True,True,fresh_with_bid_ask,2026-06-22T00:12:31.488133+00:00,92,93
KXMLBTOTAL-26JUN211340CWSDET-8,full_game_total,True,True,fresh_with_bid_ask,2026-06-22T00:12:31.488133+00:00,57,58
KXMLBTOTAL-26JUN211340CWSDET-10,full_game_total,True,True,fresh_with_bid_ask,2026-06-22T00:12:31.488133+00:00,37,38
KXMLBTOTAL-26JUN211340CWSDET-11,full_game_total,True,True,fresh_with_bid_ask,2026-06-22T00:12:31.488133+00:00,31,32
KXMLBTOTAL-26JUN211340CWSDET-7,full_game_total,True,True,fresh_with_bid_ask,2026-06-22T00:12:31.488133+00:00,68,69
KXMLBTOTAL-26JUN211335MILATL-8,full_game_total,True,True,fresh_with_bid_ask,2026-06-22T00:12:31.488133+00:00,61,62
KXMLBTOTAL-26JUN211335MILATL-7,full_game_total,True,True,fresh_with_bid_ask,2026-06-22T00:12:31.488133+00:00,72,73
KXMLBTOTAL-26JUN211335MILATL-5,full_game_total,True,True,fresh_with_bid_ask,2026-06-22T00:12:31.488133+00:00,88,89
KXMLBTOTAL-26JUN211335MILATL-14,full_game_total,True,True,fresh_with_bid_ask,2026-06-22T00:12:31.488133+00:00,15,17
KXMLBTOTAL-26JUN211335MILATL-10,full_game_total,True,True,fresh_with_bid_ask,2026-06-22T00:12:31.488133+00:00,41,43
KXMLBTOTAL-26JUN211335MILATL-12,full_game_total,True,True,fresh_with_bid_ask,2026-06-22T00:12:31.488133+00:00,27,28
KXMLBTOTAL-26JUN211335MILATL-13,full_game_total,True,True,fresh_with_bid_ask,2026-06-22T00:12:31.488133+00:00,20,22
KXMLBTOTAL-26JUN211335MILATL-4,full_game_total,True,True,fresh_with_bid_ask,2026-06-22T00:12:31.488133+00:00,92,95
KXMLBTOTAL-26JUN211335MILATL-6,full_game_total,True,True,fresh_with_bid_ask,2026-06-22T00:12:31.488133+00:00,79,80
KXMLBTOTAL-26JUN211335MILATL-9,full_game_total,True,True,fresh_with_bid_ask,2026-06-22T00:12:31.488133+00:00,53,54
KXMLBTOTAL-26JUN211335MILATL-11,full_game_total,True,True,fresh_with_bid_ask,2026-06-22T00:12:31.488133+00:00,35,36
KXMLBTOTAL-26JUN211335CINNYY-6,full_game_total,True,True,fresh_with_bid_ask,2026-06-22T00:12:31.488133+00:00,79,80
KXMLBTOTAL-26JUN211335CINNYY-7,full_game_total,True,True,fresh_with_bid_ask,2026-06-22T00:12:31.488133+00:00,71,73
KXMLBTOTAL-26JUN211335CINNYY-11,full_game_total,True,True,fresh_with_bid_ask,2026-06-22T00:12:31.488133+00:00,34,35
KXMLBTOTAL-26JUN211335CINNYY-13,full_game_total,True,True,fresh_with_bid_ask,2026-06-22T00:12:31.488133+00:00,21,22
KXMLBTOTAL-26JUN211335CINNYY-3,full_game_total,True,True,fresh_with_bid_ask,2026-06-22T00:12:31.488133+00:00,97,99
KXMLBTOTAL-26JUN211335CINNYY-4,full_game_total,True,True,fresh_with_bid_ask,2026-06-22T00:12:31.488133+00:00,92,94
KXMLBTOTAL-26JUN211335CINNYY-12,full_game_total,True,True,fresh_with_bid_ask,2026-06-22T00:12:31.488133+00:00,25,26
KXMLBTOTAL-26JUN211335CINNYY-10,full_game_total,True,True,fresh_with_bid_ask,2026-06-22T00:12:31.488133+00:00,41,42
KXMLBTOTAL-26JUN211335CINNYY-8,full_game_total,True,True,fresh_with_bid_ask,2026-06-22T00:12:31.488133+00:00,58,59
KXMLBTOTAL-26JUN211335CINNYY-9,full_game_total,True,True,fresh_with_bid_ask,2026-06-22T00:12:31.488133+00:00,53,54
KXMLBTOTAL-26JUN211335CINNYY-5,full_game_total,True,True,fresh_with_bid_ask,2026-06-22T00:12:31.488133+00:00,86,88
KXMLBTEAMTOTAL-26JUN211920NYMPHI-NYM8,team_total,True,True,fresh_empty_book,2026-06-22T00:12:31.488133+00:00,1,99
KXMLBTEAMTOTAL-26JUN211920NYMPHI-PHI6,team_total,True,True,fresh_empty_book,2026-06-22T00:12:31.488133+00:00,1,99
KXMLBTEAMTOTAL-26JUN211920NYMPHI-NYM5,team_total,True,True,fresh_empty_book,2026-06-22T00:12:31.488133+00:00,1,99
KXMLBTEAMTOTAL-26JUN211920NYMPHI-PHI3,team_total,True,True,fresh_with_bid_ask,2026-06-22T00:12:31.488133+00:00,1,78
KXMLBTEAMTOTAL-26JUN211920NYMPHI-NYM6,team_total,True,True,fresh_empty_book,2026-06-22T00:12:31.488133+00:00,1,99
KXMLBTEAMTOTAL-26JUN211920NYMPHI-PHI5,team_total,True,True,fresh_with_bid_ask,2026-06-22T00:12:31.488133+00:00,1,51
KXMLBTEAMTOTAL-26JUN211920NYMPHI-PHI4,team_total,True,True,fresh_with_bid_ask,2026-06-22T00:12:31.488133+00:00,1,65
KXMLBTEAMTOTAL-26JUN211920NYMPHI-PHI2,team_total,True,True,fresh_with_bid_ask,2026-06-22T00:12:31.488133+00:00,1,90
KXMLBTEAMTOTAL-26JUN211920NYMPHI-NYM2,team_total,True,True,fresh_empty_book,2026-06-22T00:12:31.488133+00:00,1,99
KXMLBTEAMTOTAL-26JUN211920NYMPHI-NYM3,team_total,True,True,fresh_empty_book,2026-06-22T00:12:31.488133+00:00,1,99
KXMLBTEAMTOTAL-26JUN211920NYMPHI-NYM4,team_total,True,True,fresh_empty_book,2026-06-22T00:12:31.488133+00:00,1,99
KXMLBTEAMTOTAL-26JUN211920NYMPHI-NYM7,team_total,True,True,fresh_empty_book,2026-06-22T00:12:31.488133+00:00,1,99
KXMLBTEAMTOTAL-26JUN211920NYMPHI-PHI8,team_total,True,True,fresh_empty_book,2026-06-22T00:12:31.488133+00:00,1,99
KXMLBTEAMTOTAL-26JUN211920NYMPHI-PHI7,team_total,True,True,fresh_empty_book,2026-06-22T00:12:31.488133+00:00,1,99
KXMLBTEAMTOTAL-26JUN211610BOSSEA-BOS3,team_total,True,True,fresh_with_bid_ask,2026-06-22T00:12:31.488133+00:00,,100
KXMLBTEAMTOTAL-26JUN211610BOSSEA-SEA8,team_total,True,True,fresh_with_bid_ask,2026-06-22T00:12:31.488133+00:00,,100
KXMLBTEAMTOTAL-26JUN211610BOSSEA-BOS5,team_total,True,True,fresh_with_bid_ask,2026-06-22T00:12:31.488133+00:00,,100
KXMLBTEAMTOTAL-26JUN211610BOSSEA-BOS2,team_total,True,True,fresh_with_bid_ask,2026-06-22T00:12:31.488133+00:00,,100
KXMLBTEAMTOTAL-26JUN211610BOSSEA-BOS6,team_total,True,True,fresh_with_bid_ask,2026-06-22T00:12:31.488133+00:00,,100
KXMLBTEAMTOTAL-26JUN211610BOSSEA-SEA2,team_total,True,True,fresh_with_bid_ask,2026-06-22T00:12:31.488133+00:00,,100
KXMLBTEAMTOTAL-26JUN211610BOSSEA-SEA6,team_total,True,True,fresh_with_bid_ask,2026-06-22T00:12:31.488133+00:00,,100
KXMLBTEAMTOTAL-26JUN211610BOSSEA-SEA4,team_total,True,True,fresh_with_bid_ask,2026-06-22T00:12:31.488133+00:00,,100
KXMLBTEAMTOTAL-26JUN211610BOSSEA-SEA3,team_total,True,True,fresh_with_bid_ask,2026-06-22T00:12:31.488133+00:00,,100
KXMLBTEAMTOTAL-26JUN211610BOSSEA-SEA5,team_total,True,True,fresh_with_bid_ask,2026-06-22T00:12:31.488133+00:00,,100
KXMLBTEAMTOTAL-26JUN211610BOSSEA-BOS4,team_total,True,True,fresh_with_bid_ask,2026-06-22T00:12:31.488133+00:00,,100
KXMLBTEAMTOTAL-26JUN211610BOSSEA-BOS8,team_total,True,True,fresh_with_bid_ask,2026-06-22T00:12:31.488133+00:00,,100
KXMLBTEAMTOTAL-26JUN211610BOSSEA-SEA7,team_total,True,True,fresh_with_bid_ask,2026-06-22T00:12:31.488133+00:00,,100
KXMLBTEAMTOTAL-26JUN211610BOSSEA-BOS7,team_total,True,True,fresh_with_bid_ask,2026-06-22T00:12:31.488133+00:00,,100
KXMLBTEAMTOTAL-26JUN211610BALLAD-BAL6,team_total,True,True,fresh_with_bid_ask,2026-06-22T00:12:31.488133+00:00,99,100
KXMLBTEAMTOTAL-26JUN211610BALLAD-LAD8,team_total,True,True,fresh_with_bid_ask,2026-06-22T00:12:31.488133+00:00,1,2
KXMLBTEAMTOTAL-26JUN211610BALLAD-BAL8,team_total,True,True,fresh_with_bid_ask,2026-06-22T00:12:31.488133+00:00,99,100
KXMLBTEAMTOTAL-26JUN211610BALLAD-BAL2,team_total,True,True,fresh_with_bid_ask,2026-06-22T00:12:31.488133+00:00,99,100
KXMLBTEAMTOTAL-26JUN211610BALLAD-LAD7,team_total,True,True,fresh_with_bid_ask,2026-06-22T00:12:31.488133+00:00,9,62
KXMLBTEAMTOTAL-26JUN211610BALLAD-LAD6,team_total,True,True,fresh_with_bid_ask,2026-06-22T00:12:31.488133+00:00,9,64
KXMLBTEAMTOTAL-26JUN211610BALLAD-BAL7,team_total,True,True,fresh_with_bid_ask,2026-06-22T00:12:31.488133+00:00,99,100
KXMLBTEAMTOTAL-26JUN211610BALLAD-LAD2,team_total,True,True,fresh_with_bid_ask,2026-06-22T00:12:31.488133+00:00,45,83
KXMLBTEAMTOTAL-26JUN211610BALLAD-BAL4,team_total,True,True,fresh_with_bid_ask,2026-06-22T00:12:31.488133+00:00,99,100
KXMLBTEAMTOTAL-26JUN211610BALLAD-LAD4,team_total,True,True,fresh_with_bid_ask,2026-06-22T00:12:31.488133+00:00,9,64
KXMLBTEAMTOTAL-26JUN211610BALLAD-LAD5,team_total,True,True,fresh_with_bid_ask,2026-06-22T00:12:31.488133+00:00,5,64
KXMLBTEAMTOTAL-26JUN211610BALLAD-LAD3,team_total,True,True,fresh_with_bid_ask,2026-06-22T00:12:31.488133+00:00,20,64
KXMLBTEAMTOTAL-26JUN211610BALLAD-BAL3,team_total,True,True,fresh_with_bid_ask,2026-06-22T00:12:31.488133+00:00,99,100
KXMLBTEAMTOTAL-26JUN211610BALLAD-BAL5,team_total,True,True,fresh_with_bid_ask,2026-06-22T00:12:31.488133+00:00,99,100
KXMLBTEAMTOTAL-26JUN211605LAAATH-LAA2,team_total,True,True,fresh_with_bid_ask,2026-06-22T00:12:31.488133+00:00,99,100
KXMLBTEAMTOTAL-26JUN211605LAAATH-ATH5,team_total,True,True,fresh_with_bid_ask,2026-06-22T00:12:31.488133+00:00,99,100
KXMLBTEAMTOTAL-26JUN211605LAAATH-ATH8,team_total,True,True,fresh_with_bid_ask,2026-06-22T00:12:31.488133+00:00,,1
KXMLBTEAMTOTAL-26JUN211605LAAATH-LAA4,team_total,True,True,fresh_with_bid_ask,2026-06-22T00:12:31.488133+00:00,99,100
KXMLBTEAMTOTAL-26JUN211605LAAATH-ATH7,team_total,True,True,fresh_with_bid_ask,2026-06-22T00:12:31.488133+00:00,99,100
KXMLBTEAMTOTAL-26JUN211605LAAATH-LAA6,team_total,True,True,fresh_with_bid_ask,2026-06-22T00:12:31.488133+00:00,99,100
KXMLBTEAMTOTAL-26JUN211605LAAATH-LAA7,team_total,True,True,fresh_with_bid_ask,2026-06-22T00:12:31.488133+00:00,99,100
KXMLBTEAMTOTAL-26JUN211605LAAATH-ATH2,team_total,True,True,fresh_with_bid_ask,2026-06-22T00:12:31.488133+00:00,99,100
KXMLBTEAMTOTAL-26JUN211605LAAATH-LAA3,team_total,True,True,fresh_with_bid_ask,2026-06-22T00:12:31.488133+00:00,99,100
KXMLBTEAMTOTAL-26JUN211605LAAATH-LAA5,team_total,True,True,fresh_with_bid_ask,2026-06-22T00:12:31.488133+00:00,99,100
KXMLBTEAMTOTAL-26JUN211605LAAATH-LAA8,team_total,True,True,fresh_with_bid_ask,2026-06-22T00:12:31.488133+00:00,99,100
KXMLBTEAMTOTAL-26JUN211605LAAATH-ATH4,team_total,True,True,fresh_with_bid_ask,2026-06-22T00:12:31.488133+00:00,99,100
KXMLBTEAMTOTAL-26JUN211605LAAATH-ATH6,team_total,True,True,fresh_with_bid_ask,2026-06-22T00:12:31.488133+00:00,99,100
KXMLBTEAMTOTAL-26JUN211605LAAATH-ATH3,team_total,True,True,fresh_with_bid_ask,2026-06-22T00:12:31.488133+00:00,99,100
KXMLBTEAMTOTAL-26JUN211515MINAZ-MIN6,team_total,True,True,fresh_with_bid_ask,2026-06-22T00:12:31.488133+00:00,,100
KXMLBTEAMTOTAL-26JUN211515MINAZ-MIN5,team_total,True,True,fresh_with_bid_ask,2026-06-22T00:12:31.488133+00:00,,100
KXMLBTEAMTOTAL-26JUN211515MINAZ-AZ7,team_total,True,True,fresh_with_bid_ask,2026-06-22T00:12:31.488133+00:00,,100
KXMLBTEAMTOTAL-26JUN211515MINAZ-AZ4,team_total,True,True,fresh_with_bid_ask,2026-06-22T00:12:31.488133+00:00,,100
KXMLBTEAMTOTAL-26JUN211515MINAZ-MIN4,team_total,True,True,fresh_with_bid_ask,2026-06-22T00:12:31.488133+00:00,,100
KXMLBTEAMTOTAL-26JUN211515MINAZ-MIN7,team_total,True,True,fresh_with_bid_ask,2026-06-22T00:12:31.488133+00:00,,100
KXMLBTEAMTOTAL-26JUN211515MINAZ-MIN3,team_total,True,True,fresh_with_bid_ask,2026-06-22T00:12:31.488133+00:00,,100
KXMLBTEAMTOTAL-26JUN211515MINAZ-MIN2,team_total,True,True,fresh_with_bid_ask,2026-06-22T00:12:31.488133+00:00,,100
KXMLBTEAMTOTAL-26JUN211515MINAZ-AZ2,team_total,True,True,fresh_with_bid_ask,2026-06-22T00:12:31.488133+00:00,,100
KXMLBTEAMTOTAL-26JUN211515MINAZ-MIN8,team_total,True,True,fresh_with_bid_ask,2026-06-22T00:12:31.488133+00:00,,100
KXMLBTEAMTOTAL-26JUN211515MINAZ-AZ8,team_total,True,True,fresh_with_bid_ask,2026-06-22T00:12:31.488133+00:00,,100
KXMLBTEAMTOTAL-26JUN211515MINAZ-AZ3,team_total,True,True,fresh_with_bid_ask,2026-06-22T00:12:31.488133+00:00,,100
KXMLBTEAMTOTAL-26JUN211515MINAZ-AZ5,team_total,True,True,fresh_with_bid_ask,2026-06-22T00:12:31.488133+00:00,,100
KXMLBTEAMTOTAL-26JUN211515MINAZ-AZ6,team_total,True,True,fresh_with_bid_ask,2026-06-22T00:12:31.488133+00:00,,100
KXMLBTEAMTOTAL-26JUN211510PITCOL-PIT7,team_total,True,True,fresh_with_bid_ask,2026-06-22T00:12:31.488133+00:00,,100
KXMLBTEAMTOTAL-26JUN211510PITCOL-PIT8,team_total,True,True,fresh_with_bid_ask,2026-06-22T00:12:31.488133+00:00,,100
KXMLBTEAMTOTAL-26JUN211510PITCOL-COL5,team_total,True,True,fresh_with_bid_ask,2026-06-22T00:12:31.488133+00:00,,100
KXMLBTEAMTOTAL-26JUN211510PITCOL-COL8,team_total,True,True,fresh_with_bid_ask,2026-06-22T00:12:31.488133+00:00,,100
KXMLBTEAMTOTAL-26JUN211510PITCOL-PIT4,team_total,True,True,fresh_with_bid_ask,2026-06-22T00:12:31.488133+00:00,,100
KXMLBTEAMTOTAL-26JUN211510PITCOL-COL2,team_total,True,True,fresh_with_bid_ask,2026-06-22T00:12:31.488133+00:00,,100
KXMLBTEAMTOTAL-26JUN211510PITCOL-PIT5,team_total,True,True,fresh_with_bid_ask,2026-06-22T00:12:31.488133+00:00,,100
KXMLBTEAMTOTAL-26JUN211510PITCOL-COL4,team_total,True,True,fresh_with_bid_ask,2026-06-22T00:12:31.488133+00:00,,100
KXMLBTEAMTOTAL-26JUN211510PITCOL-COL3,team_total,True,True,fresh_with_bid_ask,2026-06-22T00:12:31.488133+00:00,,100
KXMLBTEAMTOTAL-26JUN211510PITCOL-PIT2,team_total,True,True,fresh_with_bid_ask,2026-06-22T00:12:31.488133+00:00,,100
KXMLBTEAMTOTAL-26JUN211510PITCOL-PIT3,team_total,True,True,fresh_with_bid_ask,2026-06-22T00:12:31.488133+00:00,,100
KXMLBTEAMTOTAL-26JUN211510PITCOL-PIT6,team_total,True,True,fresh_with_bid_ask,2026-06-22T00:12:31.488133+00:00,,100
KXMLBTEAMTOTAL-26JUN211510PITCOL-COL7,team_total,True,True,fresh_with_bid_ask,2026-06-22T00:12:31.488133+00:00,,100
KXMLBTEAMTOTAL-26JUN211510PITCOL-COL6,team_total,True,True,fresh_with_bid_ask,2026-06-22T00:12:31.488133+00:00,,100
KXMLBTEAMTOTAL-26JUN211435SDTEX-TEX6,team_total,True,True,fresh_with_bid_ask,2026-06-22T00:12:31.488133+00:00,,100
KXMLBTEAMTOTAL-26JUN211435SDTEX-SD4,team_total,True,True,fresh_with_bid_ask,2026-06-22T00:12:31.488133+00:00,,100
KXMLBTEAMTOTAL-26JUN211435SDTEX-SD8,team_total,True,True,fresh_with_bid_ask,2026-06-22T00:12:31.488133+00:00,,100
KXMLBTEAMTOTAL-26JUN211435SDTEX-SD7,team_total,True,True,fresh_with_bid_ask,2026-06-22T00:12:31.488133+00:00,,100
KXMLBTEAMTOTAL-26JUN211435SDTEX-TEX4,team_total,True,True,fresh_with_bid_ask,2026-06-22T00:12:31.488133+00:00,,100
KXMLBTEAMTOTAL-26JUN211435SDTEX-SD5,team_total,True,True,fresh_with_bid_ask,2026-06-22T00:12:31.488133+00:00,,100
KXMLBTEAMTOTAL-26JUN211435SDTEX-SD6,team_total,True,True,fresh_with_bid_ask,2026-06-22T00:12:31.488133+00:00,,100
KXMLBTEAMTOTAL-26JUN211435SDTEX-TEX5,team_total,True,True,fresh_with_bid_ask,2026-06-22T00:12:31.488133+00:00,,100
KXMLBTEAMTOTAL-26JUN211435SDTEX-SD3,team_total,True,True,fresh_with_bid_ask,2026-06-22T00:12:31.488133+00:00,,100
KXMLBTEAMTOTAL-26JUN211435SDTEX-TEX3,team_total,True,True,fresh_with_bid_ask,2026-06-22T00:12:31.488133+00:00,,100
KXMLBTEAMTOTAL-26JUN211435SDTEX-SD2,team_total,True,True,fresh_with_bid_ask,2026-06-22T00:12:31.488133+00:00,,100
KXMLBTEAMTOTAL-26JUN211435SDTEX-TEX2,team_total,True,True,fresh_with_bid_ask,2026-06-22T00:12:31.488133+00:00,,100
KXMLBTEAMTOTAL-26JUN211435SDTEX-TEX8,team_total,True,True,fresh_with_bid_ask,2026-06-22T00:12:31.488133+00:00,,100
KXMLBTEAMTOTAL-26JUN211435SDTEX-TEX7,team_total,True,True,fresh_with_bid_ask,2026-06-22T00:12:31.488133+00:00,,100
KXMLBTEAMTOTAL-26JUN211420TORCHC-TOR8,team_total,True,True,fresh_with_bid_ask,2026-06-22T00:12:31.488133+00:00,,100
KXMLBTEAMTOTAL-26JUN211420TORCHC-CHC2,team_total,True,True,fresh_with_bid_ask,2026-06-22T00:12:31.488133+00:00,,100
KXMLBTEAMTOTAL-26JUN211420TORCHC-CHC7,team_total,True,True,fresh_with_bid_ask,2026-06-22T00:12:31.488133+00:00,,100
KXMLBTEAMTOTAL-26JUN211420TORCHC-CHC6,team_total,True,True,fresh_with_bid_ask,2026-06-22T00:12:31.488133+00:00,,100
KXMLBTEAMTOTAL-26JUN211420TORCHC-TOR7,team_total,True,True,fresh_with_bid_ask,2026-06-22T00:12:31.488133+00:00,,100
KXMLBTEAMTOTAL-26JUN211420TORCHC-TOR5,team_total,True,True,fresh_with_bid_ask,2026-06-22T00:12:31.488133+00:00,,100
KXMLBTEAMTOTAL-26JUN211420TORCHC-CHC3,team_total,True,True,fresh_with_bid_ask,2026-06-22T00:12:31.488133+00:00,,100
KXMLBTEAMTOTAL-26JUN211420TORCHC-TOR2,team_total,True,True,fresh_with_bid_ask,2026-06-22T00:12:31.488133+00:00,,100
KXMLBTEAMTOTAL-26JUN211420TORCHC-CHC5,team_total,True,True,fresh_with_bid_ask,2026-06-22T00:12:31.488133+00:00,,100
KXMLBTEAMTOTAL-26JUN211420TORCHC-TOR4,team_total,True,True,fresh_with_bid_ask,2026-06-22T00:12:31.488133+00:00,,100
KXMLBTEAMTOTAL-26JUN211420TORCHC-CHC4,team_total,True,True,fresh_with_bid_ask,2026-06-22T00:12:31.488133+00:00,,100
KXMLBTEAMTOTAL-26JUN211420TORCHC-TOR3,team_total,True,True,fresh_with_bid_ask,2026-06-22T00:12:31.488133+00:00,,100
KXMLBTEAMTOTAL-26JUN211420TORCHC-CHC8,team_total,True,True,fresh_with_bid_ask,2026-06-22T00:12:31.488133+00:00,,100
KXMLBTEAMTOTAL-26JUN211420TORCHC-TOR6,team_total,True,True,fresh_with_bid_ask,2026-06-22T00:12:31.488133+00:00,,100
KXMLBTEAMTOTAL-26JUN211410STLKC-KC3,team_total,True,True,fresh_with_bid_ask,2026-06-22T00:12:31.488133+00:00,,100
KXMLBTEAMTOTAL-26JUN211410STLKC-KC6,team_total,True,True,fresh_with_bid_ask,2026-06-22T00:12:31.488133+00:00,,100
KXMLBTEAMTOTAL-26JUN211410STLKC-KC8,team_total,True,True,fresh_with_bid_ask,2026-06-22T00:12:31.488133+00:00,,100
KXMLBTEAMTOTAL-26JUN211410STLKC-STL2,team_total,True,True,fresh_with_bid_ask,2026-06-22T00:12:31.488133+00:00,,100
KXMLBTEAMTOTAL-26JUN211410STLKC-KC2,team_total,True,True,fresh_with_bid_ask,2026-06-22T00:12:31.488133+00:00,,100
KXMLBTEAMTOTAL-26JUN211410STLKC-STL6,team_total,True,True,fresh_with_bid_ask,2026-06-22T00:12:31.488133+00:00,,100
KXMLBTEAMTOTAL-26JUN211410STLKC-STL4,team_total,True,True,fresh_with_bid_ask,2026-06-22T00:12:31.488133+00:00,,100
KXMLBTEAMTOTAL-26JUN211410STLKC-KC5,team_total,True,True,fresh_with_bid_ask,2026-06-22T00:12:31.488133+00:00,,100
KXMLBTEAMTOTAL-26JUN211410STLKC-KC4,team_total,True,True,fresh_with_bid_ask,2026-06-22T00:12:31.488133+00:00,,100
KXMLBTEAMTOTAL-26JUN211410STLKC-STL5,team_total,True,True,fresh_with_bid_ask,2026-06-22T00:12:31.488133+00:00,,100
KXMLBTEAMTOTAL-26JUN211410STLKC-KC7,team_total,True,True,fresh_with_bid_ask,2026-06-22T00:12:31.488133+00:00,,100
KXMLBTEAMTOTAL-26JUN211410STLKC-STL3,team_total,True,True,fresh_with_bid_ask,2026-06-22T00:12:31.488133+00:00,,100
KXMLBTEAMTOTAL-26JUN211410STLKC-STL7,team_total,True,True,fresh_with_bid_ask,2026-06-22T00:12:31.488133+00:00,,100
KXMLBTEAMTOTAL-26JUN211410STLKC-STL8,team_total,True,True,fresh_with_bid_ask,2026-06-22T00:12:31.488133+00:00,,100
KXMLBTEAMTOTAL-26JUN211410CLEHOU-HOU7,team_total,True,True,fresh_with_bid_ask,2026-06-22T00:12:31.488133+00:00,,100
KXMLBTEAMTOTAL-26JUN211410CLEHOU-HOU3,team_total,True,True,fresh_with_bid_ask,2026-06-22T00:12:31.488133+00:00,,100
KXMLBTEAMTOTAL-26JUN211410CLEHOU-CLE3,team_total,True,True,fresh_with_bid_ask,2026-06-22T00:12:31.488133+00:00,,100
KXMLBTEAMTOTAL-26JUN211410CLEHOU-CLE4,team_total,True,True,fresh_with_bid_ask,2026-06-22T00:12:31.488133+00:00,,100
KXMLBTEAMTOTAL-26JUN211410CLEHOU-CLE6,team_total,True,True,fresh_with_bid_ask,2026-06-22T00:12:31.488133+00:00,,100
KXMLBTEAMTOTAL-26JUN211410CLEHOU-HOU2,team_total,True,True,fresh_with_bid_ask,2026-06-22T00:12:31.488133+00:00,,100
KXMLBTEAMTOTAL-26JUN211410CLEHOU-HOU4,team_total,True,True,fresh_with_bid_ask,2026-06-22T00:12:31.488133+00:00,,100
KXMLBTEAMTOTAL-26JUN211410CLEHOU-HOU5,team_total,True,True,fresh_with_bid_ask,2026-06-22T00:12:31.488133+00:00,,100
KXMLBTEAMTOTAL-26JUN211410CLEHOU-CLE5,team_total,True,True,fresh_with_bid_ask,2026-06-22T00:12:31.488133+00:00,,100
KXMLBTEAMTOTAL-26JUN211410CLEHOU-CLE8,team_total,True,True,fresh_with_bid_ask,2026-06-22T00:12:31.488133+00:00,,100
KXMLBTEAMTOTAL-26JUN211410CLEHOU-CLE2,team_total,True,True,fresh_with_bid_ask,2026-06-22T00:12:31.488133+00:00,,100
KXMLBTEAMTOTAL-26JUN211410CLEHOU-HOU8,team_total,True,True,fresh_with_bid_ask,2026-06-22T00:12:31.488133+00:00,,100
KXMLBTEAMTOTAL-26JUN211410CLEHOU-CLE7,team_total,True,True,fresh_with_bid_ask,2026-06-22T00:12:31.488133+00:00,,100
KXMLBTEAMTOTAL-26JUN211410CLEHOU-HOU6,team_total,True,True,fresh_with_bid_ask,2026-06-22T00:12:31.488133+00:00,,100
KXMLBTEAMTOTAL-26JUN211340WSHTB-TB5,team_total,True,True,fresh_with_bid_ask,2026-06-22T00:12:31.488133+00:00,,100
KXMLBTEAMTOTAL-26JUN211340WSHTB-WSH6,team_total,True,True,fresh_with_bid_ask,2026-06-22T00:12:31.488133+00:00,,100
KXMLBTEAMTOTAL-26JUN211340WSHTB-TB7,team_total,True,True,fresh_with_bid_ask,2026-06-22T00:12:31.488133+00:00,,100
KXMLBTEAMTOTAL-26JUN211340WSHTB-TB4,team_total,True,True,fresh_with_bid_ask,2026-06-22T00:12:31.488133+00:00,,100
KXMLBTEAMTOTAL-26JUN211340WSHTB-TB8,team_total,True,True,fresh_with_bid_ask,2026-06-22T00:12:31.488133+00:00,,100
KXMLBTEAMTOTAL-26JUN211340WSHTB-WSH2,team_total,True,True,fresh_with_bid_ask,2026-06-22T00:12:31.488133+00:00,,100
KXMLBTEAMTOTAL-26JUN211340WSHTB-WSH5,team_total,True,True,fresh_with_bid_ask,2026-06-22T00:12:31.488133+00:00,,100
KXMLBTEAMTOTAL-26JUN211340WSHTB-WSH4,team_total,True,True,fresh_with_bid_ask,2026-06-22T00:12:31.488133+00:00,,100
KXMLBTEAMTOTAL-26JUN211340WSHTB-TB3,team_total,True,True,fresh_with_bid_ask,2026-06-22T00:12:31.488133+00:00,,100
KXMLBTEAMTOTAL-26JUN211340WSHTB-TB2,team_total,True,True,fresh_with_bid_ask,2026-06-22T00:12:31.488133+00:00,,100
KXMLBTEAMTOTAL-26JUN211340WSHTB-WSH3,team_total,True,True,fresh_with_bid_ask,2026-06-22T00:12:31.488133+00:00,,100
KXMLBTEAMTOTAL-26JUN211340WSHTB-TB6,team_total,True,True,fresh_with_bid_ask,2026-06-22T00:12:31.488133+00:00,,100
KXMLBTEAMTOTAL-26JUN211340WSHTB-WSH8,team_total,True,True,fresh_with_bid_ask,2026-06-22T00:12:31.488133+00:00,,100
KXMLBTEAMTOTAL-26JUN211340WSHTB-WSH7,team_total,True,True,fresh_with_bid_ask,2026-06-22T00:12:31.488133+00:00,,100
KXMLBTEAMTOTAL-26JUN211340SFMIA-SF3,team_total,True,True,fresh_with_bid_ask,2026-06-22T00:12:31.488133+00:00,,100
KXMLBTEAMTOTAL-26JUN211340SFMIA-SF2,team_total,True,True,fresh_with_bid_ask,2026-06-22T00:12:31.488133+00:00,,100
KXMLBTEAMTOTAL-26JUN211340SFMIA-SF8,team_total,True,True,fresh_with_bid_ask,2026-06-22T00:12:31.488133+00:00,,100
KXMLBTEAMTOTAL-26JUN211340SFMIA-MIA7,team_total,True,True,fresh_with_bid_ask,2026-06-22T00:12:31.488133+00:00,,100
KXMLBTEAMTOTAL-26JUN211340SFMIA-MIA3,team_total,True,True,fresh_with_bid_ask,2026-06-22T00:12:31.488133+00:00,,100
KXMLBTEAMTOTAL-26JUN211340SFMIA-MIA6,team_total,True,True,fresh_with_bid_ask,2026-06-22T00:12:31.488133+00:00,,100
KXMLBTEAMTOTAL-26JUN211340SFMIA-MIA5,team_total,True,True,fresh_with_bid_ask,2026-06-22T00:12:31.488133+00:00,,100
KXMLBTEAMTOTAL-26JUN211340SFMIA-MIA2,team_total,True,True,fresh_with_bid_ask,2026-06-22T00:12:31.488133+00:00,,100
KXMLBTEAMTOTAL-26JUN211340SFMIA-SF7,team_total,True,True,fresh_with_bid_ask,2026-06-22T00:12:31.488133+00:00,,100
KXMLBTEAMTOTAL-26JUN211340SFMIA-SF6,team_total,True,True,fresh_with_bid_ask,2026-06-22T00:12:31.488133+00:00,,100
KXMLBTEAMTOTAL-26JUN211340SFMIA-SF4,team_total,True,True,fresh_with_bid_ask,2026-06-22T00:12:31.488133+00:00,,100
KXMLBTEAMTOTAL-26JUN211340SFMIA-SF5,team_total,True,True,fresh_with_bid_ask,2026-06-22T00:12:31.488133+00:00,,100
KXMLBTEAMTOTAL-26JUN211340SFMIA-MIA8,team_total,True,True,fresh_with_bid_ask,2026-06-22T00:12:31.488133+00:00,,100
KXMLBTEAMTOTAL-26JUN211340SFMIA-MIA4,team_total,True,True,fresh_with_bid_ask,2026-06-22T00:12:31.488133+00:00,,100
KXMLBTEAMTOTAL-26JUN211340CWSDET-CWS8,team_total,True,True,fresh_with_bid_ask,2026-06-22T00:12:31.488133+00:00,,100
KXMLBTEAMTOTAL-26JUN211340CWSDET-DET4,team_total,True,True,fresh_with_bid_ask,2026-06-22T00:12:31.488133+00:00,,100
KXMLBTEAMTOTAL-26JUN211340CWSDET-CWS7,team_total,True,True,fresh_with_bid_ask,2026-06-22T00:12:31.488133+00:00,,100
KXMLBTEAMTOTAL-26JUN211340CWSDET-DET6,team_total,True,True,fresh_with_bid_ask,2026-06-22T00:12:31.488133+00:00,,100
KXMLBTEAMTOTAL-26JUN211340CWSDET-DET5,team_total,True,True,fresh_with_bid_ask,2026-06-22T00:12:31.488133+00:00,,100
KXMLBTEAMTOTAL-26JUN211340CWSDET-CWS2,team_total,True,True,fresh_with_bid_ask,2026-06-22T00:12:31.488133+00:00,,100
KXMLBTEAMTOTAL-26JUN211340CWSDET-CWS5,team_total,True,True,fresh_with_bid_ask,2026-06-22T00:12:31.488133+00:00,,100
KXMLBTEAMTOTAL-26JUN211340CWSDET-DET2,team_total,True,True,fresh_with_bid_ask,2026-06-22T00:12:31.488133+00:00,,100
KXMLBTEAMTOTAL-26JUN211340CWSDET-DET3,team_total,True,True,fresh_with_bid_ask,2026-06-22T00:12:31.488133+00:00,,100
KXMLBTEAMTOTAL-26JUN211340CWSDET-CWS4,team_total,True,True,fresh_with_bid_ask,2026-06-22T00:12:31.488133+00:00,,100
KXMLBTEAMTOTAL-26JUN211340CWSDET-CWS3,team_total,True,True,fresh_with_bid_ask,2026-06-22T00:12:31.488133+00:00,,100
KXMLBTEAMTOTAL-26JUN211340CWSDET-DET7,team_total,True,True,fresh_with_bid_ask,2026-06-22T00:12:31.488133+00:00,,100
KXMLBTEAMTOTAL-26JUN211340CWSDET-CWS6,team_total,True,True,fresh_with_bid_ask,2026-06-22T00:12:31.488133+00:00,,100
KXMLBTEAMTOTAL-26JUN211340CWSDET-DET8,team_total,True,True,fresh_with_bid_ask,2026-06-22T00:12:31.488133+00:00,,100
KXMLBTEAMTOTAL-26JUN211335MILATL-MIL5,team_total,True,True,fresh_with_bid_ask,2026-06-22T00:12:31.488133+00:00,,100
KXMLBTEAMTOTAL-26JUN211335MILATL-MIL7,team_total,True,True,fresh_with_bid_ask,2026-06-22T00:12:31.488133+00:00,,100
KXMLBTEAMTOTAL-26JUN211335MILATL-ATL3,team_total,True,True,fresh_with_bid_ask,2026-06-22T00:12:31.488133+00:00,,100
KXMLBTEAMTOTAL-26JUN211335MILATL-ATL5,team_total,True,True,fresh_with_bid_ask,2026-06-22T00:12:31.488133+00:00,,100
KXMLBTEAMTOTAL-26JUN211335MILATL-MIL8,team_total,True,True,fresh_with_bid_ask,2026-06-22T00:12:31.488133+00:00,,100
KXMLBTEAMTOTAL-26JUN211335MILATL-ATL7,team_total,True,True,fresh_with_bid_ask,2026-06-22T00:12:31.488133+00:00,,100
KXMLBTEAMTOTAL-26JUN211335MILATL-ATL4,team_total,True,True,fresh_with_bid_ask,2026-06-22T00:12:31.488133+00:00,,100
KXMLBTEAMTOTAL-26JUN211335MILATL-MIL2,team_total,True,True,fresh_with_bid_ask,2026-06-22T00:12:31.488133+00:00,,100
KXMLBTEAMTOTAL-26JUN211335MILATL-MIL4,team_total,True,True,fresh_with_bid_ask,2026-06-22T00:12:31.488133+00:00,,100
KXMLBTEAMTOTAL-26JUN211335MILATL-MIL3,team_total,True,True,fresh_with_bid_ask,2026-06-22T00:12:31.488133+00:00,,100
KXMLBTEAMTOTAL-26JUN211335MILATL-MIL6,team_total,True,True,fresh_with_bid_ask,2026-06-22T00:12:31.488133+00:00,,100
KXMLBTEAMTOTAL-26JUN211335MILATL-ATL2,team_total,True,True,fresh_with_bid_ask,2026-06-22T00:12:31.488133+00:00,,100
KXMLBTEAMTOTAL-26JUN211335MILATL-ATL6,team_total,True,True,fresh_with_bid_ask,2026-06-22T00:12:31.488133+00:00,,100
KXMLBTEAMTOTAL-26JUN211335MILATL-ATL8,team_total,True,True,fresh_with_bid_ask,2026-06-22T00:12:31.488133+00:00,,100
KXMLBTEAMTOTAL-26JUN211335CINNYY-NYY7,team_total,True,True,fresh_with_bid_ask,2026-06-22T00:12:31.488133+00:00,,100
KXMLBTEAMTOTAL-26JUN211335CINNYY-NYY6,team_total,True,True,fresh_with_bid_ask,2026-06-22T00:12:31.488133+00:00,,100
KXMLBTEAMTOTAL-26JUN211335CINNYY-NYY4,team_total,True,True,fresh_with_bid_ask,2026-06-22T00:12:31.488133+00:00,,100
KXMLBTEAMTOTAL-26JUN211335CINNYY-CIN7,team_total,True,True,fresh_with_bid_ask,2026-06-22T00:12:31.488133+00:00,,100
KXMLBTEAMTOTAL-26JUN211335CINNYY-NYY8,team_total,True,True,fresh_with_bid_ask,2026-06-22T00:12:31.488133+00:00,,100
KXMLBTEAMTOTAL-26JUN211335CINNYY-CIN2,team_total,True,True,fresh_with_bid_ask,2026-06-22T00:12:31.488133+00:00,,100
KXMLBTEAMTOTAL-26JUN211335CINNYY-CIN3,team_total,True,True,fresh_with_bid_ask,2026-06-22T00:12:31.488133+00:00,,100
KXMLBTEAMTOTAL-26JUN211335CINNYY-CIN6,team_total,True,True,fresh_with_bid_ask,2026-06-22T00:12:31.488133+00:00,,100
KXMLBTEAMTOTAL-26JUN211335CINNYY-NYY2,team_total,True,True,fresh_with_bid_ask,2026-06-22T00:12:31.488133+00:00,,100
KXMLBTEAMTOTAL-26JUN211335CINNYY-CIN4,team_total,True,True,fresh_with_bid_ask,2026-06-22T00:12:31.488133+00:00,,100
KXMLBTEAMTOTAL-26JUN211335CINNYY-NYY3,team_total,True,True,fresh_with_bid_ask,2026-06-22T00:12:31.488133+00:00,,100
KXMLBTEAMTOTAL-26JUN211335CINNYY-CIN5,team_total,True,True,fresh_with_bid_ask,2026-06-22T00:12:31.488133+00:00,,100
KXMLBTEAMTOTAL-26JUN211335CINNYY-NYY5,team_total,True,True,fresh_with_bid_ask,2026-06-22T00:12:31.488133+00:00,,100
KXMLBTEAMTOTAL-26JUN211335CINNYY-CIN8,team_total,True,True,fresh_with_bid_ask,2026-06-22T00:12:31.488133+00:00,,100
KXMLBF5-26JUN211920NYMPHI-PHI,f5_winner,True,True,no_snapshots,,,
KXMLBF5-26JUN211920NYMPHI-NYM,f5_winner,True,True,no_snapshots,,,
KXMLBF5-26JUN211920NYMPHI-TIE,f5_winner,True,True,no_snapshots,,,
KXMLBF5-26JUN211610BOSSEA-TIE,f5_winner,True,True,no_snapshots,,,
KXMLBF5-26JUN211610BOSSEA-BOS,f5_winner,True,True,no_snapshots,,,
KXMLBF5-26JUN211610BOSSEA-SEA,f5_winner,True,True,no_snapshots,,,
KXMLBF5-26JUN211610BALLAD-TIE,f5_winner,True,True,no_snapshots,,,
KXMLBF5-26JUN211610BALLAD-LAD,f5_winner,True,True,no_snapshots,,,
KXMLBF5-26JUN211610BALLAD-BAL,f5_winner,True,True,no_snapshots,,,
KXMLBF5-26JUN211605LAAATH-TIE,f5_winner,True,True,no_snapshots,,,
KXMLBF5-26JUN211605LAAATH-LAA,f5_winner,True,True,no_snapshots,,,
KXMLBF5-26JUN211605LAAATH-ATH,f5_winner,True,True,no_snapshots,,,
KXMLBF5-26JUN211515MINAZ-TIE,f5_winner,True,True,no_snapshots,,,
KXMLBF5-26JUN211515MINAZ-AZ,f5_winner,True,True,no_snapshots,,,
KXMLBF5-26JUN211515MINAZ-MIN,f5_winner,True,True,no_snapshots,,,
KXMLBF5-26JUN211510PITCOL-TIE,f5_winner,True,True,no_snapshots,,,
KXMLBF5-26JUN211510PITCOL-COL,f5_winner,True,True,no_snapshots,,,
KXMLBF5-26JUN211510PITCOL-PIT,f5_winner,True,True,no_snapshots,,,
KXMLBF5-26JUN211435SDTEX-TEX,f5_winner,True,True,no_snapshots,,,
KXMLBF5-26JUN211435SDTEX-TIE,f5_winner,True,True,no_snapshots,,,
KXMLBF5-26JUN211435SDTEX-SD,f5_winner,True,True,no_snapshots,,,
KXMLBF5-26JUN211420TORCHC-TOR,f5_winner,True,True,no_snapshots,,,
KXMLBF5-26JUN211420TORCHC-CHC,f5_winner,True,True,no_snapshots,,,
KXMLBF5-26JUN211420TORCHC-TIE,f5_winner,True,True,no_snapshots,,,
KXMLBF5-26JUN211410STLKC-STL,f5_winner,True,True,no_snapshots,,,
KXMLBF5-26JUN211410STLKC-TIE,f5_winner,True,True,no_snapshots,,,
KXMLBF5-26JUN211410STLKC-KC,f5_winner,True,True,no_snapshots,,,
KXMLBF5-26JUN211410CLEHOU-TIE,f5_winner,True,True,no_snapshots,,,
KXMLBF5-26JUN211410CLEHOU-HOU,f5_winner,True,True,no_snapshots,,,
KXMLBF5-26JUN211410CLEHOU-CLE,f5_winner,True,True,no_snapshots,,,
KXMLBF5-26JUN211340WSHTB-TB,f5_winner,True,True,no_snapshots,,,
KXMLBF5-26JUN211340WSHTB-WSH,f5_winner,True,True,no_snapshots,,,
KXMLBF5-26JUN211340WSHTB-TIE,f5_winner,True,True,no_snapshots,,,
KXMLBF5-26JUN211340SFMIA-TIE,f5_winner,True,True,no_snapshots,,,
KXMLBF5-26JUN211340SFMIA-MIA,f5_winner,True,True,no_snapshots,,,
KXMLBF5-26JUN211340SFMIA-SF,f5_winner,True,True,no_snapshots,,,
KXMLBF5-26JUN211340CWSDET-DET,f5_winner,True,True,no_snapshots,,,
KXMLBF5-26JUN211340CWSDET-TIE,f5_winner,True,True,no_snapshots,,,
KXMLBF5-26JUN211340CWSDET-CWS,f5_winner,True,True,no_snapshots,,,
KXMLBF5-26JUN211335MILATL-MIL,f5_winner,True,True,no_snapshots,,,
KXMLBF5-26JUN211335MILATL-ATL,f5_winner,True,True,no_snapshots,,,
KXMLBF5-26JUN211335MILATL-TIE,f5_winner,True,True,no_snapshots,,,
KXMLBF5-26JUN211335CINNYY-NYY,f5_winner,True,True,no_snapshots,,,
KXMLBF5-26JUN211335CINNYY-TIE,f5_winner,True,True,no_snapshots,,,
KXMLBF5-26JUN211335CINNYY-CIN,f5_winner,True,True,no_snapshots,,,
KXMLBF5SPREAD-26JUN211920NYMPHI-NYM2,f5_spread,False,True,fresh_with_bid_ask,2026-06-22T00:12:31.488133+00:00,18,99
KXMLBF5SPREAD-26JUN211920NYMPHI-PHI2,f5_spread,False,True,fresh_empty_book,2026-06-22T00:12:31.488133+00:00,1,99
KXMLBF5SPREAD-26JUN211920NYMPHI-NYM3,f5_spread,False,True,fresh_empty_book,2026-06-22T00:12:31.488133+00:00,9,99
KXMLBF5SPREAD-26JUN211920NYMPHI-PHI3,f5_spread,False,True,fresh_empty_book,2026-06-22T00:12:31.488133+00:00,1,99
KXMLBF5SPREAD-26JUN211610BOSSEA-BOS2,f5_spread,False,True,fresh_with_bid_ask,2026-06-22T00:12:31.488133+00:00,21,24
KXMLBF5SPREAD-26JUN211610BOSSEA-SEA2,f5_spread,False,True,fresh_with_bid_ask,2026-06-22T00:12:31.488133+00:00,28,30
KXMLBF5SPREAD-26JUN211610BOSSEA-BOS3,f5_spread,False,True,fresh_with_bid_ask,2026-06-22T00:12:31.488133+00:00,12,14
KXMLBF5SPREAD-26JUN211610BOSSEA-SEA3,f5_spread,False,True,fresh_with_bid_ask,2026-06-22T00:12:31.488133+00:00,16,17
KXMLBF5SPREAD-26JUN211610BALLAD-LAD3,f5_spread,False,True,fresh_with_bid_ask,2026-06-22T00:12:31.488133+00:00,29,31
KXMLBF5SPREAD-26JUN211610BALLAD-BAL2,f5_spread,False,True,fresh_with_bid_ask,2026-06-22T00:12:31.488133+00:00,19,20
KXMLBF5SPREAD-26JUN211610BALLAD-BAL3,f5_spread,False,True,fresh_with_bid_ask,2026-06-22T00:12:31.488133+00:00,10,11
KXMLBF5SPREAD-26JUN211610BALLAD-LAD2,f5_spread,False,True,fresh_with_bid_ask,2026-06-22T00:12:31.488133+00:00,40,42
KXMLBF5SPREAD-26JUN211605LAAATH-ATH2,f5_spread,False,True,fresh_with_bid_ask,2026-06-22T00:12:31.488133+00:00,30,31
KXMLBF5SPREAD-26JUN211605LAAATH-LAA3,f5_spread,False,True,fresh_with_bid_ask,2026-06-22T00:12:31.488133+00:00,18,19
KXMLBF5SPREAD-26JUN211605LAAATH-ATH3,f5_spread,False,True,fresh_with_bid_ask,2026-06-22T00:12:31.488133+00:00,20,21
KXMLBF5SPREAD-26JUN211605LAAATH-LAA2,f5_spread,False,True,fresh_with_bid_ask,2026-06-22T00:12:31.488133+00:00,28,30
KXMLBF5SPREAD-26JUN211515MINAZ-MIN3,f5_spread,False,True,fresh_with_bid_ask,2026-06-22T00:12:31.488133+00:00,17,19
KXMLBF5SPREAD-26JUN211515MINAZ-AZ3,f5_spread,False,True,fresh_with_bid_ask,2026-06-22T00:12:31.488133+00:00,21,23
KXMLBF5SPREAD-26JUN211515MINAZ-MIN2,f5_spread,False,True,fresh_with_bid_ask,2026-06-22T00:12:31.488133+00:00,27,29
KXMLBF5SPREAD-26JUN211515MINAZ-AZ2,f5_spread,False,True,fresh_with_bid_ask,2026-06-22T00:12:31.488133+00:00,32,35
KXMLBF5SPREAD-26JUN211510PITCOL-COL2,f5_spread,False,True,fresh_with_bid_ask,2026-06-22T00:12:31.488133+00:00,27,28
KXMLBF5SPREAD-26JUN211510PITCOL-COL3,f5_spread,False,True,fresh_with_bid_ask,2026-06-22T00:12:31.488133+00:00,19,20
KXMLBF5SPREAD-26JUN211510PITCOL-PIT3,f5_spread,False,True,fresh_with_bid_ask,2026-06-22T00:12:31.488133+00:00,26,28
KXMLBF5SPREAD-26JUN211510PITCOL-PIT2,f5_spread,False,True,fresh_with_bid_ask,2026-06-22T00:12:31.488133+00:00,36,37
KXMLBF5SPREAD-26JUN211435SDTEX-TEX3,f5_spread,False,True,fresh_with_bid_ask,2026-06-22T00:12:31.488133+00:00,23,25
KXMLBF5SPREAD-26JUN211435SDTEX-TEX2,f5_spread,False,True,fresh_with_bid_ask,2026-06-22T00:12:31.488133+00:00,35,36
KXMLBF5SPREAD-26JUN211435SDTEX-SD2,f5_spread,False,True,fresh_with_bid_ask,2026-06-22T00:12:31.488133+00:00,21,24
KXMLBF5SPREAD-26JUN211435SDTEX-SD3,f5_spread,False,True,fresh_with_bid_ask,2026-06-22T00:12:31.488133+00:00,11,13
KXMLBF5SPREAD-26JUN211420TORCHC-TOR3,f5_spread,False,True,fresh_with_bid_ask,2026-06-22T00:12:31.488133+00:00,16,17
KXMLBF5SPREAD-26JUN211420TORCHC-TOR2,f5_spread,False,True,fresh_with_bid_ask,2026-06-22T00:12:31.488133+00:00,26,27
KXMLBF5SPREAD-26JUN211420TORCHC-CHC2,f5_spread,False,True,fresh_with_bid_ask,2026-06-22T00:12:31.488133+00:00,25,27
KXMLBF5SPREAD-26JUN211420TORCHC-CHC3,f5_spread,False,True,fresh_with_bid_ask,2026-06-22T00:12:31.488133+00:00,14,15
KXMLBF5SPREAD-26JUN211410STLKC-KC2,f5_spread,False,True,fresh_with_bid_ask,2026-06-22T00:12:31.488133+00:00,25,27
KXMLBF5SPREAD-26JUN211410STLKC-KC3,f5_spread,False,True,fresh_with_bid_ask,2026-06-22T00:12:31.488133+00:00,15,16
KXMLBF5SPREAD-26JUN211410STLKC-STL3,f5_spread,False,True,fresh_with_bid_ask,2026-06-22T00:12:31.488133+00:00,20,23
KXMLBF5SPREAD-26JUN211410STLKC-STL2,f5_spread,False,True,fresh_with_bid_ask,2026-06-22T00:12:31.488133+00:00,31,33
KXMLBF5SPREAD-26JUN211410CLEHOU-CLE3,f5_spread,False,True,fresh_with_bid_ask,2026-06-22T00:12:31.488133+00:00,16,18
KXMLBF5SPREAD-26JUN211410CLEHOU-HOU2,f5_spread,False,True,fresh_with_bid_ask,2026-06-22T00:12:31.488133+00:00,32,33
KXMLBF5SPREAD-26JUN211410CLEHOU-HOU3,f5_spread,False,True,fresh_with_bid_ask,2026-06-22T00:12:31.488133+00:00,21,22
KXMLBF5SPREAD-26JUN211410CLEHOU-CLE2,f5_spread,False,True,fresh_with_bid_ask,2026-06-22T00:12:31.488133+00:00,25,26
KXMLBF5SPREAD-26JUN211340WSHTB-WSH2,f5_spread,False,True,fresh_with_bid_ask,2026-06-22T00:12:31.488133+00:00,25,27
KXMLBF5SPREAD-26JUN211340WSHTB-TB3,f5_spread,False,True,fresh_with_bid_ask,2026-06-22T00:12:31.488133+00:00,20,22
KXMLBF5SPREAD-26JUN211340WSHTB-TB2,f5_spread,False,True,fresh_with_bid_ask,2026-06-22T00:12:31.488133+00:00,30,31
KXMLBF5SPREAD-26JUN211340WSHTB-WSH3,f5_spread,False,True,fresh_with_bid_ask,2026-06-22T00:12:31.488133+00:00,16,18
KXMLBF5SPREAD-26JUN211340SFMIA-SF2,f5_spread,False,True,fresh_with_bid_ask,2026-06-22T00:12:31.488133+00:00,35,36
KXMLBF5SPREAD-26JUN211340SFMIA-MIA2,f5_spread,False,True,fresh_with_bid_ask,2026-06-22T00:12:31.488133+00:00,22,23
KXMLBF5SPREAD-26JUN211340SFMIA-MIA3,f5_spread,False,True,fresh_with_bid_ask,2026-06-22T00:12:31.488133+00:00,12,13
KXMLBF5SPREAD-26JUN211340SFMIA-SF3,f5_spread,False,True,fresh_with_bid_ask,2026-06-22T00:12:31.488133+00:00,23,24
KXMLBF5SPREAD-26JUN211340CWSDET-CWS2,f5_spread,False,True,fresh_with_bid_ask,2026-06-22T00:12:31.488133+00:00,28,30
KXMLBF5SPREAD-26JUN211340CWSDET-DET3,f5_spread,False,True,fresh_with_bid_ask,2026-06-22T00:12:31.488133+00:00,20,22
KXMLBF5SPREAD-26JUN211340CWSDET-DET2,f5_spread,False,True,fresh_with_bid_ask,2026-06-22T00:12:31.488133+00:00,30,31
KXMLBF5SPREAD-26JUN211340CWSDET-CWS3,f5_spread,False,True,fresh_with_bid_ask,2026-06-22T00:12:31.488133+00:00,18,20
KXMLBF5SPREAD-26JUN211335MILATL-ATL2,f5_spread,False,True,fresh_with_bid_ask,2026-06-22T00:12:31.488133+00:00,29,31
KXMLBF5SPREAD-26JUN211335MILATL-ATL3,f5_spread,False,True,fresh_with_bid_ask,2026-06-22T00:12:31.488133+00:00,19,22
KXMLBF5SPREAD-26JUN211335MILATL-MIL2,f5_spread,False,True,fresh_with_bid_ask,2026-06-22T00:12:31.488133+00:00,28,29
KXMLBF5SPREAD-26JUN211335MILATL-MIL3,f5_spread,False,True,fresh_with_bid_ask,2026-06-22T00:12:31.488133+00:00,18,19
KXMLBF5SPREAD-26JUN211335CINNYY-CIN3,f5_spread,False,True,fresh_with_bid_ask,2026-06-22T00:12:31.488133+00:00,22,24
KXMLBF5SPREAD-26JUN211335CINNYY-CIN2,f5_spread,False,True,fresh_with_bid_ask,2026-06-22T00:12:31.488133+00:00,32,35
KXMLBF5SPREAD-26JUN211335CINNYY-NYY2,f5_spread,False,True,fresh_with_bid_ask,2026-06-22T00:12:31.488133+00:00,23,25
KXMLBF5SPREAD-26JUN211335CINNYY-NYY3,f5_spread,False,True,fresh_with_bid_ask,2026-06-22T00:12:31.488133+00:00,14,15
KXMLBF5TOTAL-26JUN211920NYMPHI-5,f5_total,True,True,fresh_with_bid_ask,2026-06-22T00:12:31.488133+00:00,1,47
KXMLBF5TOTAL-26JUN211920NYMPHI-1,f5_total,True,True,fresh_empty_book,2026-06-22T00:12:31.488133+00:00,1,98
KXMLBF5TOTAL-26JUN211920NYMPHI-7,f5_total,True,True,fresh_empty_book,2026-06-22T00:12:31.488133+00:00,1,99
KXMLBF5TOTAL-26JUN211920NYMPHI-3,f5_total,True,True,fresh_with_bid_ask,2026-06-22T00:12:31.488133+00:00,1,76
KXMLBF5TOTAL-26JUN211920NYMPHI-6,f5_total,True,True,fresh_empty_book,2026-06-22T00:12:31.488133+00:00,1,99
KXMLBF5TOTAL-26JUN211920NYMPHI-4,f5_total,True,True,fresh_with_bid_ask,2026-06-22T00:12:31.488133+00:00,1,61
KXMLBF5TOTAL-26JUN211920NYMPHI-2,f5_total,True,True,fresh_with_bid_ask,2026-06-22T00:12:31.488133+00:00,1,89
KXMLBF5TOTAL-26JUN211610BOSSEA-6,f5_total,True,True,fresh_with_bid_ask,2026-06-22T00:12:31.488133+00:00,23,25
KXMLBF5TOTAL-26JUN211610BOSSEA-3,f5_total,True,True,fresh_with_bid_ask,2026-06-22T00:12:31.488133+00:00,63,64
KXMLBF5TOTAL-26JUN211610BOSSEA-5,f5_total,True,True,fresh_with_bid_ask,2026-06-22T00:12:31.488133+00:00,34,36
KXMLBF5TOTAL-26JUN211610BOSSEA-2,f5_total,True,True,fresh_with_bid_ask,2026-06-22T00:12:31.488133+00:00,79,81
KXMLBF5TOTAL-26JUN211610BOSSEA-1,f5_total,True,True,fresh_with_bid_ask,2026-06-22T00:12:31.488133+00:00,89,95
KXMLBF5TOTAL-26JUN211610BOSSEA-4,f5_total,True,True,fresh_with_bid_ask,2026-06-22T00:12:31.488133+00:00,47,48
KXMLBF5TOTAL-26JUN211610BOSSEA-7,f5_total,True,True,fresh_with_bid_ask,2026-06-22T00:12:31.488133+00:00,15,16
KXMLBF5TOTAL-26JUN211610BALLAD-7,f5_total,True,True,fresh_with_bid_ask,2026-06-22T00:12:31.488133+00:00,31,33
KXMLBF5TOTAL-26JUN211610BALLAD-3,f5_total,True,True,fresh_with_bid_ask,2026-06-22T00:12:31.488133+00:00,80,81
KXMLBF5TOTAL-26JUN211610BALLAD-5,f5_total,True,True,fresh_with_bid_ask,2026-06-22T00:12:31.488133+00:00,54,55
KXMLBF5TOTAL-26JUN211610BALLAD-4,f5_total,True,True,fresh_with_bid_ask,2026-06-22T00:12:31.488133+00:00,66,70
KXMLBF5TOTAL-26JUN211610BALLAD-2,f5_total,True,True,fresh_with_bid_ask,2026-06-22T00:12:31.488133+00:00,88,93
KXMLBF5TOTAL-26JUN211610BALLAD-6,f5_total,True,True,fresh_with_bid_ask,2026-06-22T00:12:31.488133+00:00,42,43
KXMLBF5TOTAL-26JUN211610BALLAD-1,f5_total,True,True,fresh_with_bid_ask,2026-06-22T00:12:31.488133+00:00,94,98
KXMLBF5TOTAL-26JUN211605LAAATH-4,f5_total,True,True,fresh_with_bid_ask,2026-06-22T00:12:31.488133+00:00,68,70
KXMLBF5TOTAL-26JUN211605LAAATH-7,f5_total,True,True,fresh_with_bid_ask,2026-06-22T00:12:31.488133+00:00,31,33
KXMLBF5TOTAL-26JUN211605LAAATH-3,f5_total,True,True,fresh_with_bid_ask,2026-06-22T00:12:31.488133+00:00,80,83
KXMLBF5TOTAL-26JUN211605LAAATH-6,f5_total,True,True,fresh_with_bid_ask,2026-06-22T00:12:31.488133+00:00,41,42
KXMLBF5TOTAL-26JUN211605LAAATH-5,f5_total,True,True,fresh_with_bid_ask,2026-06-22T00:12:31.488133+00:00,54,56
KXMLBF5TOTAL-26JUN211605LAAATH-1,f5_total,True,True,fresh_with_bid_ask,2026-06-22T00:12:31.488133+00:00,94,98
KXMLBF5TOTAL-26JUN211605LAAATH-2,f5_total,True,True,fresh_with_bid_ask,2026-06-22T00:12:31.488133+00:00,87,93
KXMLBF5TOTAL-26JUN211515MINAZ-7,f5_total,True,True,fresh_with_bid_ask,2026-06-22T00:12:31.488133+00:00,34,36
KXMLBF5TOTAL-26JUN211515MINAZ-4,f5_total,True,True,fresh_with_bid_ask,2026-06-22T00:12:31.488133+00:00,69,70
KXMLBF5TOTAL-26JUN211515MINAZ-5,f5_total,True,True,fresh_with_bid_ask,2026-06-22T00:12:31.488133+00:00,57,59
KXMLBF5TOTAL-26JUN211515MINAZ-1,f5_total,True,True,fresh_with_bid_ask,2026-06-22T00:12:31.488133+00:00,95,96
KXMLBF5TOTAL-26JUN211515MINAZ-3,f5_total,True,True,fresh_with_bid_ask,2026-06-22T00:12:31.488133+00:00,78,84
KXMLBF5TOTAL-26JUN211515MINAZ-2,f5_total,True,True,fresh_with_bid_ask,2026-06-22T00:12:31.488133+00:00,87,93
KXMLBF5TOTAL-26JUN211515MINAZ-6,f5_total,True,True,fresh_with_bid_ask,2026-06-22T00:12:31.488133+00:00,45,47
KXMLBF5TOTAL-26JUN211510PITCOL-5,f5_total,True,True,fresh_with_bid_ask,2026-06-22T00:12:31.488133+00:00,69,71
KXMLBF5TOTAL-26JUN211510PITCOL-7,f5_total,True,True,fresh_with_bid_ask,2026-06-22T00:12:31.488133+00:00,46,47
KXMLBF5TOTAL-26JUN211510PITCOL-2,f5_total,True,True,fresh_with_bid_ask,2026-06-22T00:12:31.488133+00:00,90,98
KXMLBF5TOTAL-26JUN211510PITCOL-3,f5_total,True,True,fresh_with_bid_ask,2026-06-22T00:12:31.488133+00:00,84,91
KXMLBF5TOTAL-26JUN211510PITCOL-6,f5_total,True,True,fresh_with_bid_ask,2026-06-22T00:12:31.488133+00:00,58,59
KXMLBF5TOTAL-26JUN211510PITCOL-4,f5_total,True,True,fresh_with_bid_ask,2026-06-22T00:12:31.488133+00:00,76,81
KXMLBF5TOTAL-26JUN211510PITCOL-1,f5_total,True,True,fresh_with_bid_ask,2026-06-22T00:12:31.488133+00:00,95,98
KXMLBF5TOTAL-26JUN211435SDTEX-7,f5_total,True,True,fresh_with_bid_ask,2026-06-22T00:12:31.488133+00:00,24,26
KXMLBF5TOTAL-26JUN211435SDTEX-3,f5_total,True,True,fresh_with_bid_ask,2026-06-22T00:12:31.488133+00:00,73,74
KXMLBF5TOTAL-26JUN211435SDTEX-4,f5_total,True,True,fresh_with_bid_ask,2026-06-22T00:12:31.488133+00:00,59,60
KXMLBF5TOTAL-26JUN211435SDTEX-5,f5_total,True,True,fresh_with_bid_ask,2026-06-22T00:12:31.488133+00:00,45,46
KXMLBF5TOTAL-26JUN211435SDTEX-6,f5_total,True,True,fresh_with_bid_ask,2026-06-22T00:12:31.488133+00:00,34,36
KXMLBF5TOTAL-26JUN211435SDTEX-1,f5_total,True,True,fresh_with_bid_ask,2026-06-22T00:12:31.488133+00:00,92,97
KXMLBF5TOTAL-26JUN211435SDTEX-2,f5_total,True,True,fresh_with_bid_ask,2026-06-22T00:12:31.488133+00:00,83,88
KXMLBF5TOTAL-26JUN211420TORCHC-7,f5_total,True,True,fresh_with_bid_ask,2026-06-22T00:12:31.488133+00:00,17,19
KXMLBF5TOTAL-26JUN211420TORCHC-5,f5_total,True,True,fresh_with_bid_ask,2026-06-22T00:12:31.488133+00:00,36,37
KXMLBF5TOTAL-26JUN211420TORCHC-3,f5_total,True,True,fresh_with_bid_ask,2026-06-22T00:12:31.488133+00:00,66,67
KXMLBF5TOTAL-26JUN211420TORCHC-2,f5_total,True,True,fresh_with_bid_ask,2026-06-22T00:12:31.488133+00:00,81,83
KXMLBF5TOTAL-26JUN211420TORCHC-4,f5_total,True,True,fresh_with_bid_ask,2026-06-22T00:12:31.488133+00:00,50,51
KXMLBF5TOTAL-26JUN211420TORCHC-1,f5_total,True,True,fresh_with_bid_ask,2026-06-22T00:12:31.488133+00:00,88,96
KXMLBF5TOTAL-26JUN211420TORCHC-6,f5_total,True,True,fresh_with_bid_ask,2026-06-22T00:12:31.488133+00:00,25,26
KXMLBF5TOTAL-26JUN211410STLKC-2,f5_total,True,True,fresh_with_bid_ask,2026-06-22T00:12:31.488133+00:00,84,91
KXMLBF5TOTAL-26JUN211410STLKC-3,f5_total,True,True,fresh_with_bid_ask,2026-06-22T00:12:31.488133+00:00,76,78
KXMLBF5TOTAL-26JUN211410STLKC-7,f5_total,True,True,fresh_with_bid_ask,2026-06-22T00:12:31.488133+00:00,27,29
KXMLBF5TOTAL-26JUN211410STLKC-4,f5_total,True,True,fresh_with_bid_ask,2026-06-22T00:12:31.488133+00:00,63,65
KXMLBF5TOTAL-26JUN211410STLKC-6,f5_total,True,True,fresh_with_bid_ask,2026-06-22T00:12:31.488133+00:00,38,39
KXMLBF5TOTAL-26JUN211410STLKC-5,f5_total,True,True,fresh_with_bid_ask,2026-06-22T00:12:31.488133+00:00,50,51
KXMLBF5TOTAL-26JUN211410STLKC-1,f5_total,True,True,fresh_with_bid_ask,2026-06-22T00:12:31.488133+00:00,93,98
KXMLBF5TOTAL-26JUN211410CLEHOU-7,f5_total,True,True,fresh_with_bid_ask,2026-06-22T00:12:31.488133+00:00,28,30
KXMLBF5TOTAL-26JUN211410CLEHOU-3,f5_total,True,True,fresh_with_bid_ask,2026-06-22T00:12:31.488133+00:00,78,79
KXMLBF5TOTAL-26JUN211410CLEHOU-4,f5_total,True,True,fresh_with_bid_ask,2026-06-22T00:12:31.488133+00:00,64,66
KXMLBF5TOTAL-26JUN211410CLEHOU-5,f5_total,True,True,fresh_with_bid_ask,2026-06-22T00:12:31.488133+00:00,51,53
KXMLBF5TOTAL-26JUN211410CLEHOU-1,f5_total,True,True,fresh_with_bid_ask,2026-06-22T00:12:31.488133+00:00,97,98
KXMLBF5TOTAL-26JUN211410CLEHOU-2,f5_total,True,True,fresh_with_bid_ask,2026-06-22T00:12:31.488133+00:00,88,91
KXMLBF5TOTAL-26JUN211410CLEHOU-6,f5_total,True,True,fresh_with_bid_ask,2026-06-22T00:12:31.488133+00:00,39,41
KXMLBF5TOTAL-26JUN211340WSHTB-5,f5_total,True,True,fresh_with_bid_ask,2026-06-22T00:12:31.488133+00:00,49,50
KXMLBF5TOTAL-26JUN211340WSHTB-6,f5_total,True,True,fresh_with_bid_ask,2026-06-22T00:12:31.488133+00:00,37,38
KXMLBF5TOTAL-26JUN211340WSHTB-2,f5_total,True,True,fresh_with_bid_ask,2026-06-22T00:12:31.488133+00:00,84,91
KXMLBF5TOTAL-26JUN211340WSHTB-1,f5_total,True,True,fresh_with_bid_ask,2026-06-22T00:12:31.488133+00:00,93,98
KXMLBF5TOTAL-26JUN211340WSHTB-3,f5_total,True,True,fresh_with_bid_ask,2026-06-22T00:12:31.488133+00:00,75,77
KXMLBF5TOTAL-26JUN211340WSHTB-7,f5_total,True,True,fresh_with_bid_ask,2026-06-22T00:12:31.488133+00:00,27,28
KXMLBF5TOTAL-26JUN211340WSHTB-4,f5_total,True,True,fresh_with_bid_ask,2026-06-22T00:12:31.488133+00:00,63,64
KXMLBF5TOTAL-26JUN211340SFMIA-3,f5_total,True,True,fresh_with_bid_ask,2026-06-22T00:12:31.488133+00:00,74,76
KXMLBF5TOTAL-26JUN211340SFMIA-6,f5_total,True,True,fresh_with_bid_ask,2026-06-22T00:12:31.488133+00:00,35,37
KXMLBF5TOTAL-26JUN211340SFMIA-7,f5_total,True,True,fresh_with_bid_ask,2026-06-22T00:12:31.488133+00:00,24,26
KXMLBF5TOTAL-26JUN211340SFMIA-1,f5_total,True,True,fresh_with_bid_ask,2026-06-22T00:12:31.488133+00:00,93,99
KXMLBF5TOTAL-26JUN211340SFMIA-4,f5_total,True,True,fresh_with_bid_ask,2026-06-22T00:12:31.488133+00:00,60,61
KXMLBF5TOTAL-26JUN211340SFMIA-5,f5_total,True,True,fresh_with_bid_ask,2026-06-22T00:12:31.488133+00:00,47,48
KXMLBF5TOTAL-26JUN211340SFMIA-2,f5_total,True,True,fresh_with_bid_ask,2026-06-22T00:12:31.488133+00:00,87,88
KXMLBF5TOTAL-26JUN211340CWSDET-5,f5_total,True,True,fresh_with_bid_ask,2026-06-22T00:12:31.488133+00:00,52,54
KXMLBF5TOTAL-26JUN211340CWSDET-3,f5_total,True,True,fresh_with_bid_ask,2026-06-22T00:12:31.488133+00:00,77,80
KXMLBF5TOTAL-26JUN211340CWSDET-2,f5_total,True,True,fresh_with_bid_ask,2026-06-22T00:12:31.488133+00:00,85,91
KXMLBF5TOTAL-26JUN211340CWSDET-4,f5_total,True,True,fresh_with_bid_ask,2026-06-22T00:12:31.488133+00:00,63,64
KXMLBF5TOTAL-26JUN211340CWSDET-7,f5_total,True,True,fresh_with_bid_ask,2026-06-22T00:12:31.488133+00:00,28,30
KXMLBF5TOTAL-26JUN211340CWSDET-6,f5_total,True,True,fresh_with_bid_ask,2026-06-22T00:12:31.488133+00:00,40,41
KXMLBF5TOTAL-26JUN211340CWSDET-1,f5_total,True,True,fresh_with_bid_ask,2026-06-22T00:12:31.488133+00:00,93,98
KXMLBF5TOTAL-26JUN211335MILATL-3,f5_total,True,True,fresh_with_bid_ask,2026-06-22T00:12:31.488133+00:00,78,81
KXMLBF5TOTAL-26JUN211335MILATL-5,f5_total,True,True,fresh_with_bid_ask,2026-06-22T00:12:31.488133+00:00,52,53
KXMLBF5TOTAL-26JUN211335MILATL-2,f5_total,True,True,fresh_with_bid_ask,2026-06-22T00:12:31.488133+00:00,86,91
KXMLBF5TOTAL-26JUN211335MILATL-4,f5_total,True,True,fresh_with_bid_ask,2026-06-22T00:12:31.488133+00:00,65,66
KXMLBF5TOTAL-26JUN211335MILATL-7,f5_total,True,True,fresh_with_bid_ask,2026-06-22T00:12:31.488133+00:00,30,33
KXMLBF5TOTAL-26JUN211335MILATL-6,f5_total,True,True,fresh_with_bid_ask,2026-06-22T00:12:31.488133+00:00,41,42
KXMLBF5TOTAL-26JUN211335MILATL-1,f5_total,True,True,fresh_with_bid_ask,2026-06-22T00:12:31.488133+00:00,94,98
KXMLBF5TOTAL-26JUN211335CINNYY-5,f5_total,True,True,fresh_with_bid_ask,2026-06-22T00:12:31.488133+00:00,49,51
KXMLBF5TOTAL-26JUN211335CINNYY-2,f5_total,True,True,fresh_with_bid_ask,2026-06-22T00:12:31.488133+00:00,86,90
KXMLBF5TOTAL-26JUN211335CINNYY-4,f5_total,True,True,fresh_with_bid_ask,2026-06-22T00:12:31.488133+00:00,63,64
KXMLBF5TOTAL-26JUN211335CINNYY-7,f5_total,True,True,fresh_with_bid_ask,2026-06-22T00:12:31.488133+00:00,27,29
KXMLBF5TOTAL-26JUN211335CINNYY-6,f5_total,True,True,fresh_with_bid_ask,2026-06-22T00:12:31.488133+00:00,38,39
KXMLBF5TOTAL-26JUN211335CINNYY-1,f5_total,True,True,fresh_with_bid_ask,2026-06-22T00:12:31.488133+00:00,94,98
KXMLBF5TOTAL-26JUN211335CINNYY-3,f5_total,True,True,fresh_with_bid_ask,2026-06-22T00:12:31.488133+00:00,76,79
KXMLBHR-26JUN211920NYMPHI-PHIBHARPER3-1,player_hr,False,False,not_polled,,,
KXMLBHR-26JUN211920NYMPHI-NYMJSOTO22-1,player_hr,False,False,not_polled,,,
KXMLBHR-26JUN211920NYMPHI-PHIKSCHWARBER12-1,player_hr,False,False,not_polled,,,
KXMLBHR-26JUN211920NYMPHI-PHITTURNER7-2,player_hr,False,False,not_polled,,,
KXMLBHR-26JUN211920NYMPHI-NYMJSOTO22-2,player_hr,False,False,not_polled,,,
KXMLBHR-26JUN211920NYMPHI-PHITTURNER7-1,player_hr,False,False,not_polled,,,
KXMLBHR-26JUN211920NYMPHI-PHIBHARPER3-2,player_hr,False,False,not_polled,,,
KXMLBHR-26JUN211920NYMPHI-PHIKSCHWARBER12-2,player_hr,False,False,not_polled,,,
KXMLBHR-26JUN211610BOSSEA-SEAJRODRGUEZ44-2,player_hr,False,False,not_polled,,,
KXMLBHR-26JUN211610BOSSEA-SEACRALEIGH29-2,player_hr,False,False,not_polled,,,
KXMLBHR-26JUN211610BOSSEA-SEACRALEIGH29-1,player_hr,False,False,not_polled,,,
KXMLBHR-26JUN211610BOSSEA-SEAJRODRGUEZ44-1,player_hr,False,False,not_polled,,,
KXMLBHR-26JUN211610BALLAD-BALGHENDERSON2-1,player_hr,False,False,not_polled,,,
KXMLBHR-26JUN211610BALLAD-LADFFREEMAN5-2,player_hr,False,False,not_polled,,,
KXMLBHR-26JUN211610BALLAD-LADKTUCKER23-2,player_hr,False,False,not_polled,,,
KXMLBHR-26JUN211610BALLAD-LADMBETTS50-2,player_hr,False,False,not_polled,,,
KXMLBHR-26JUN211610BALLAD-BALPALONSO25-2,player_hr,False,False,not_polled,,,
KXMLBHR-26JUN211610BALLAD-LADMBETTS50-1,player_hr,False,False,not_polled,,,
KXMLBHR-26JUN211610BALLAD-LADSOHTANI17-3,player_hr,False,False,not_polled,,,
KXMLBHR-26JUN211610BALLAD-LADFFREEMAN5-1,player_hr,False,False,not_polled,,,
KXMLBHR-26JUN211610BALLAD-BALGHENDERSON2-2,player_hr,False,False,not_polled,,,
KXMLBHR-26JUN211610BALLAD-LADSOHTANI17-1,player_hr,False,False,not_polled,,,
KXMLBHR-26JUN211610BALLAD-BALPALONSO25-1,player_hr,False,False,not_polled,,,
KXMLBHR-26JUN211610BALLAD-LADSOHTANI17-2,player_hr,False,False,not_polled,,,
KXMLBHR-26JUN211610BALLAD-LADKTUCKER23-1,player_hr,False,False,not_polled,,,
KXMLBHR-26JUN211605LAAATH-LAAJADELL7-2,player_hr,False,False,not_polled,,,
KXMLBHR-26JUN211605LAAATH-LAAJADELL7-1,player_hr,False,False,not_polled,,,
KXMLBHR-26JUN211605LAAATH-ATHNKURTZ16-2,player_hr,False,False,not_polled,,,
KXMLBHR-26JUN211605LAAATH-ATHJWILSON5-1,player_hr,False,False,not_polled,,,
KXMLBHR-26JUN211605LAAATH-ATHNKURTZ16-1,player_hr,False,False,not_polled,,,
KXMLBHR-26JUN211515MINAZ-AZGPERDOMO2-1,player_hr,False,False,not_polled,,,
KXMLBHR-26JUN211515MINAZ-AZCCARROLL7-1,player_hr,False,False,not_polled,,,
KXMLBHR-26JUN211515MINAZ-AZCCARROLL7-2,player_hr,False,False,not_polled,,,
KXMLBHR-26JUN211515MINAZ-MINBBUXTON25-2,player_hr,False,False,not_polled,,,
KXMLBHR-26JUN211515MINAZ-AZKMARTE4-2,player_hr,False,False,not_polled,,,
KXMLBHR-26JUN211515MINAZ-AZKMARTE4-1,player_hr,False,False,not_polled,,,
KXMLBHR-26JUN211515MINAZ-MINBBUXTON25-1,player_hr,False,False,not_polled,,,
KXMLBHR-26JUN211515MINAZ-AZGPERDOMO2-2,player_hr,False,False,not_polled,,,
KXMLBHR-26JUN211435SDTEX-SDMMACHADO13-2,player_hr,False,False,not_polled,,,
KXMLBHR-26JUN211435SDTEX-SDJMERRILL3-2,player_hr,False,False,not_polled,,,
KXMLBHR-26JUN211435SDTEX-SDFTATIS23-1,player_hr,False,False,not_polled,,,
KXMLBHR-26JUN211435SDTEX-SDJMERRILL3-1,player_hr,False,False,not_polled,,,
KXMLBHR-26JUN211435SDTEX-TEXBNIMMO24-2,player_hr,False,False,not_polled,,,
KXMLBHR-26JUN211435SDTEX-TEXBNIMMO24-1,player_hr,False,False,not_polled,,,
KXMLBHR-26JUN211435SDTEX-SDMMACHADO13-1,player_hr,False,False,not_polled,,,
KXMLBHR-26JUN211435SDTEX-SDFTATIS23-2,player_hr,False,False,not_polled,,,
KXMLBHR-26JUN211420TORCHC-TORVGUERRERO27-2,player_hr,False,False,not_polled,,,
KXMLBHR-26JUN211420TORCHC-CHCPCROWARMSTRONG4-1,player_hr,False,False,not_polled,,,
KXMLBHR-26JUN211420TORCHC-CHCPCROWARMSTRONG4-2,player_hr,False,False,not_polled,,,
KXMLBHR-26JUN211420TORCHC-TORVGUERRERO27-1,player_hr,False,False,not_polled,,,
KXMLBHR-26JUN211420TORCHC-CHCABREGMAN3-1,player_hr,False,False,not_polled,,,
KXMLBHR-26JUN211410CLEHOU-HOUCWALKER8-2,player_hr,False,False,not_polled,,,
KXMLBHR-26JUN211410CLEHOU-HOUJALTUVE27-2,player_hr,False,False,not_polled,,,
KXMLBHR-26JUN211410CLEHOU-CLESKWAN38-1,player_hr,False,False,not_polled,,,
KXMLBHR-26JUN211410CLEHOU-HOUCWALKER8-1,player_hr,False,False,not_polled,,,
KXMLBHR-26JUN211410CLEHOU-HOUYALVAREZ44-1,player_hr,False,False,not_polled,,,
KXMLBHR-26JUN211410CLEHOU-HOUYALVAREZ44-2,player_hr,False,False,not_polled,,,
KXMLBHR-26JUN211410CLEHOU-HOUJALTUVE27-1,player_hr,False,False,not_polled,,,
KXMLBHR-26JUN211410CLEHOU-CLESKWAN38-2,player_hr,False,False,not_polled,,,
KXMLBHR-26JUN211340WSHTB-TBJDELUCA21-1,player_hr,False,False,not_polled,,,
KXMLBHR-26JUN211340WSHTB-TBNFORTES40-1,player_hr,False,False,not_polled,,,
KXMLBHR-26JUN211340WSHTB-TBRVILADE26-2,player_hr,False,False,not_polled,,,
KXMLBHR-26JUN211340WSHTB-WSHCABRAMS5-2,player_hr,False,False,not_polled,,,
KXMLBHR-26JUN211340WSHTB-TBJCAMINERO13-2,player_hr,False,False,not_polled,,,
KXMLBHR-26JUN211340WSHTB-WSHJTENA8-1,player_hr,False,False,not_polled,,,
KXMLBHR-26JUN211340WSHTB-TBJARANDA8-2,player_hr,False,False,not_polled,,,
KXMLBHR-26JUN211340WSHTB-TBJARANDA8-1,player_hr,False,False,not_polled,,,
KXMLBHR-26JUN211340WSHTB-WSHDLILE4-1,player_hr,False,False,not_polled,,,
KXMLBHR-26JUN211340WSHTB-WSHJWOOD29-2,player_hr,False,False,not_polled,,,
KXMLBHR-26JUN211340WSHTB-TBRVILADE26-1,player_hr,False,False,not_polled,,,
KXMLBHR-26JUN211340WSHTB-WSHJWOOD29-1,player_hr,False,False,not_polled,,,
KXMLBHR-26JUN211340WSHTB-WSHCMEAD17-2,player_hr,False,False,not_polled,,,
KXMLBHR-26JUN211340WSHTB-TBJDELUCA21-2,player_hr,False,False,not_polled,,,
KXMLBHR-26JUN211340WSHTB-TBBWILLIAMSON15-1,player_hr,False,False,not_polled,,,
KXMLBHR-26JUN211340WSHTB-TBYDIAZ2-1,player_hr,False,False,not_polled,,,
KXMLBHR-26JUN211340WSHTB-WSHDLILE4-2,player_hr,False,False,not_polled,,,
KXMLBHR-26JUN211340WSHTB-WSHLGARCA2-2,player_hr,False,False,not_polled,,,
KXMLBHR-26JUN211340WSHTB-TBCSIMPSON14-1,player_hr,False,False,not_polled,,,
KXMLBHR-26JUN211340WSHTB-TBNFORTES40-2,player_hr,False,False,not_polled,,,
KXMLBHR-26JUN211340WSHTB-WSHNNUEZ26-1,player_hr,False,False,not_polled,,,
KXMLBHR-26JUN211340WSHTB-WSHDCREWS3-2,player_hr,False,False,not_polled,,,
KXMLBHR-26JUN211340WSHTB-WSHDCREWS3-1,player_hr,False,False,not_polled,,,
KXMLBHR-26JUN211340WSHTB-TBYDIAZ2-2,player_hr,False,False,not_polled,,,
KXMLBHR-26JUN211340WSHTB-WSHCMEAD17-1,player_hr,False,False,not_polled,,,
KXMLBHR-26JUN211340WSHTB-WSHJTENA8-2,player_hr,False,False,not_polled,,,
KXMLBHR-26JUN211340WSHTB-WSHDMILLAS14-1,player_hr,False,False,not_polled,,,
KXMLBHR-26JUN211340WSHTB-WSHCABRAMS5-1,player_hr,False,False,not_polled,,,
KXMLBHR-26JUN211340WSHTB-TBJCAMINERO13-1,player_hr,False,False,not_polled,,,
KXMLBHR-26JUN211340WSHTB-WSHLGARCA2-1,player_hr,False,False,not_polled,,,
KXMLBHR-26JUN211340WSHTB-TBTWALLS6-1,player_hr,False,False,not_polled,,,
KXMLBHR-26JUN211340SFMIA-SFRDEVERS16-1,player_hr,False,False,not_polled,,,
KXMLBHR-26JUN211340SFMIA-SFRDEVERS16-2,player_hr,False,False,not_polled,,,
KXMLBHR-26JUN211340CWSDET-CWSABENINTENDI23-1,player_hr,False,False,not_polled,,,
KXMLBHR-26JUN211340CWSDET-CWSJGONZALEZ7-1,player_hr,False,False,not_polled,,,
KXMLBHR-26JUN211340CWSDET-CWSABENINTENDI23-2,player_hr,False,False,not_polled,,,
KXMLBHR-26JUN211340CWSDET-CWSCMONTGOMERY12-2,player_hr,False,False,not_polled,,,
KXMLBHR-26JUN211340CWSDET-DETKCARPENTER30-2,player_hr,False,False,not_polled,,,
KXMLBHR-26JUN211340CWSDET-CWSEQUERO7-1,player_hr,False,False,not_polled,,,
KXMLBHR-26JUN211340CWSDET-DETRGREENE31-2,player_hr,False,False,not_polled,,,
KXMLBHR-26JUN211340CWSDET-CWSBMONTGOMERY24-2,player_hr,False,False,not_polled,,,
KXMLBHR-26JUN211340CWSDET-CWSTPETERS29-2,player_hr,False,False,not_polled,,,
KXMLBHR-26JUN211340CWSDET-CWSJGONZALEZ7-2,player_hr,False,False,not_polled,,,
KXMLBHR-26JUN211340CWSDET-DETSTORKELSON20-1,player_hr,False,False,not_polled,,,
KXMLBHR-26JUN211340CWSDET-DETDDINGLER13-2,player_hr,False,False,not_polled,,,
KXMLBHR-26JUN211340CWSDET-DETJOUTMAN30-1,player_hr,False,False,not_polled,,,
KXMLBHR-26JUN211340CWSDET-DETCKEITH33-2,player_hr,False,False,not_polled,,,
KXMLBHR-26JUN211340CWSDET-CWSSANTONACCI17-2,player_hr,False,False,not_polled,,,
KXMLBHR-26JUN211340CWSDET-CWSEQUERO7-2,player_hr,False,False,not_polled,,,
KXMLBHR-26JUN211340CWSDET-CWSBMONTGOMERY24-1,player_hr,False,False,not_polled,,,
KXMLBHR-26JUN211340CWSDET-CWSCMONTGOMERY12-1,player_hr,False,False,not_polled,,,
KXMLBHR-26JUN211340CWSDET-DETRGREENE31-1,player_hr,False,False,not_polled,,,
KXMLBHR-26JUN211340CWSDET-DETKMCGONIGLE85-2,player_hr,False,False,not_polled,,,
KXMLBHR-26JUN211340CWSDET-DETTCRUZ40-2,player_hr,False,False,not_polled,,,
KXMLBHR-26JUN211340CWSDET-DETSTORKELSON20-2,player_hr,False,False,not_polled,,,
KXMLBHR-26JUN211340CWSDET-DETKCARPENTER30-1,player_hr,False,False,not_polled,,,
KXMLBHR-26JUN211340CWSDET-DETKMCGONIGLE85-1,player_hr,False,False,not_polled,,,
KXMLBHR-26JUN211340CWSDET-DETJOUTMAN30-2,player_hr,False,False,not_polled,,,
KXMLBHR-26JUN211340CWSDET-DETCKEITH33-1,player_hr,False,False,not_polled,,,
KXMLBHR-26JUN211340CWSDET-DETDDINGLER13-1,player_hr,False,False,not_polled,,,
KXMLBHR-26JUN211340CWSDET-DETZMCKINSTRY39-1,player_hr,False,False,not_polled,,,
KXMLBHR-26JUN211340CWSDET-CWSSANTONACCI17-1,player_hr,False,False,not_polled,,,
KXMLBHR-26JUN211340CWSDET-CWSLACUA0-1,player_hr,False,False,not_polled,,,
KXMLBHR-26JUN211340CWSDET-DETTCRUZ40-1,player_hr,False,False,not_polled,,,
KXMLBHR-26JUN211340CWSDET-CWSCMEIDROTH10-1,player_hr,False,False,not_polled,,,
KXMLBHR-26JUN211340CWSDET-CWSTPETERS29-1,player_hr,False,False,not_polled,,,
KXMLBHR-26JUN211335MILATL-MILJBAUERS9-2,player_hr,False,False,not_polled,,,
KXMLBHR-26JUN211335MILATL-MILCPRATT87-1,player_hr,False,False,not_polled,,,
KXMLBHR-26JUN211335MILATL-ATLHKIM7-2,player_hr,False,False,not_polled,,,
KXMLBHR-26JUN211335MILATL-MILWCONTRERAS24-1,player_hr,False,False,not_polled,,,
KXMLBHR-26JUN211335MILATL-MILDHAMILTON6-1,player_hr,False,False,not_polled,,,
KXMLBHR-26JUN211335MILATL-MILJCHOURIO11-1,player_hr,False,False,not_polled,,,
KXMLBHR-26JUN211335MILATL-MILSFRELICK10-2,player_hr,False,False,not_polled,,,
KXMLBHR-26JUN211335MILATL-ATLOALBIES1-1,player_hr,False,False,not_polled,,,
KXMLBHR-26JUN211335MILATL-MILGMITCHELL5-1,player_hr,False,False,not_polled,,,
KXMLBHR-26JUN211335MILATL-ATLMOLSON28-1,player_hr,False,False,not_polled,,,
KXMLBHR-26JUN211335MILATL-MILSFRELICK10-1,player_hr,False,False,not_polled,,,
KXMLBHR-26JUN211335MILATL-MILCYELICH22-1,player_hr,False,False,not_polled,,,
KXMLBHR-26JUN211335MILATL-MILJBAUERS9-1,player_hr,False,False,not_polled,,,
KXMLBHR-26JUN211335MILATL-ATLMDUBN14-1,player_hr,False,False,not_polled,,,
KXMLBHR-26JUN211335MILATL-ATLHKIM7-1,player_hr,False,False,not_polled,,,
KXMLBHR-26JUN211335MILATL-MILBTURANG2-1,player_hr,False,False,not_polled,,,
KXMLBHR-26JUN211335MILATL-ATLJBART16-1,player_hr,False,False,not_polled,,,
KXMLBHR-26JUN211335MILATL-ATLARILEY27-1,player_hr,False,False,not_polled,,,
KXMLBHR-26JUN211335MILATL-ATLJBART16-2,player_hr,False,False,not_polled,,,
KXMLBHR-26JUN211335MILATL-MILBTURANG2-2,player_hr,False,False,not_polled,,,
KXMLBHR-26JUN211335MILATL-MILDHAMILTON6-2,player_hr,False,False,not_polled,,,
KXMLBHR-26JUN211335MILATL-ATLMHARRIS23-2,player_hr,False,False,not_polled,,,
KXMLBHR-26JUN211335MILATL-ATLOALBIES1-2,player_hr,False,False,not_polled,,,
KXMLBHR-26JUN211335MILATL-MILWCONTRERAS24-2,player_hr,False,False,not_polled,,,
KXMLBHR-26JUN211335MILATL-ATLMHARRIS23-1,player_hr,False,False,not_polled,,,
KXMLBHR-26JUN211335MILATL-MILGMITCHELL5-2,player_hr,False,False,not_polled,,,
KXMLBHR-26JUN211335MILATL-MILJCHOURIO11-2,player_hr,False,False,not_polled,,,
KXMLBHR-26JUN211335MILATL-ATLDBALDWIN30-2,player_hr,False,False,not_polled,,,
KXMLBHR-26JUN211335MILATL-ATLEWHITE36-2,player_hr,False,False,not_polled,,,
KXMLBHR-26JUN211335MILATL-ATLARILEY27-2,player_hr,False,False,not_polled,,,
KXMLBHR-26JUN211335MILATL-ATLDBALDWIN30-1,player_hr,False,False,not_polled,,,
KXMLBHR-26JUN211335MILATL-ATLEWHITE36-1,player_hr,False,False,not_polled,,,
KXMLBHR-26JUN211335MILATL-ATLMOLSON28-2,player_hr,False,False,not_polled,,,
KXMLBHR-26JUN211335MILATL-MILCYELICH22-2,player_hr,False,False,not_polled,,,
KXMLBHR-26JUN211335CINNYY-NYYAWELLS28-1,player_hr,False,False,not_polled,,,
KXMLBHR-26JUN211335CINNYY-NYYJCABALLERO72-2,player_hr,False,False,not_polled,,,
KXMLBHR-26JUN211335CINNYY-NYYJCABALLERO72-1,player_hr,False,False,not_polled,,,
KXMLBHR-26JUN211335CINNYY-CINSSTEER7-2,player_hr,False,False,not_polled,,,
KXMLBHR-26JUN211335CINNYY-CINEARROYO56-2,player_hr,False,False,not_polled,,,
KXMLBHR-26JUN211335CINNYY-NYYCBELLINGER35-2,player_hr,False,False,not_polled,,,
KXMLBHR-26JUN211335CINNYY-CINBDUNN59-1,player_hr,False,False,not_polled,,,
KXMLBHR-26JUN211335CINNYY-CINNMARTE4-1,player_hr,False,False,not_polled,,,
KXMLBHR-26JUN211335CINNYY-CINSSTEER7-1,player_hr,False,False,not_polled,,,
KXMLBHR-26JUN211335CINNYY-CINTSTEPHENSON37-1,player_hr,False,False,not_polled,,,
KXMLBHR-26JUN211335CINNYY-NYYJDOMINGUEZ24-1,player_hr,False,False,not_polled,,,
KXMLBHR-26JUN211335CINNYY-NYYCBELLINGER35-1,player_hr,False,False,not_polled,,,
KXMLBHR-26JUN211335CINNYY-CINJBLEDAY22-2,player_hr,False,False,not_polled,,,
KXMLBHR-26JUN211335CINNYY-CINESUAREZ28-1,player_hr,False,False,not_polled,,,
KXMLBHR-26JUN211335CINNYY-CINSSTEWART27-1,player_hr,False,False,not_polled,,,
KXMLBHR-26JUN211335CINNYY-CINNLOWE31-1,player_hr,False,False,not_polled,,,
KXMLBHR-26JUN211335CINNYY-NYYJCHISHOLM13-2,player_hr,False,False,not_polled,,,
KXMLBHR-26JUN211335CINNYY-CINTSTEPHENSON37-2,player_hr,False,False,not_polled,,,
KXMLBHR-26JUN211335CINNYY-NYYBRICE22-1,player_hr,False,False,not_polled,,,
KXMLBHR-26JUN211335CINNYY-CINBDUNN59-2,player_hr,False,False,not_polled,,,
KXMLBHR-26JUN211335CINNYY-NYYBRICE22-2,player_hr,False,False,not_polled,,,
KXMLBHR-26JUN211335CINNYY-NYYAVOLPE11-2,player_hr,False,False,not_polled,,,
KXMLBHR-26JUN211335CINNYY-CINNMARTE4-2,player_hr,False,False,not_polled,,,
KXMLBHR-26JUN211335CINNYY-NYYAVOLPE11-1,player_hr,False,False,not_polled,,,
KXMLBHR-26JUN211335CINNYY-NYYRMCMAHON19-2,player_hr,False,False,not_polled,,,
KXMLBHR-26JUN211335CINNYY-CINJBLEDAY22-1,player_hr,False,False,not_polled,,,
KXMLBHR-26JUN211335CINNYY-CINSSTEWART27-2,player_hr,False,False,not_polled,,,
KXMLBHR-26JUN211335CINNYY-CINESUAREZ28-2,player_hr,False,False,not_polled,,,
KXMLBHR-26JUN211335CINNYY-CINNLOWE31-2,player_hr,False,False,not_polled,,,
KXMLBHR-26JUN211335CINNYY-NYYJDOMINGUEZ24-2,player_hr,False,False,not_polled,,,
KXMLBHR-26JUN211335CINNYY-NYYRMCMAHON19-1,player_hr,False,False,not_polled,,,
KXMLBHR-26JUN211335CINNYY-NYYSJONES78-1,player_hr,False,False,not_polled,,,
KXMLBHR-26JUN211335CINNYY-NYYSJONES78-2,player_hr,False,False,not_polled,,,
KXMLBHR-26JUN211335CINNYY-NYYJCHISHOLM13-1,player_hr,False,False,not_polled,,,
KXMLBHR-26JUN211335CINNYY-NYYAWELLS28-2,player_hr,False,False,not_polled,,,
KXMLBHR-26JUN211335CINNYY-CINEARROYO56-1,player_hr,False,False,not_polled,,,
