market_ticker,market_type,game_id,away_team,home_team,first_snapshot_time,last_snapshot_time,snapshot_count,avg_seconds_between_snapshots,max_seconds_between_snapshots,unique_mid_count,mid_min,mid_max,mid_range,total_abs_mid_movement,largest_single_move,stale_minutes_total,longest_stale_period_minutes,moved_after_score_event,moved_after_inning_end,moved_after_lead_change,market_liveness_label
KXMLBF5SPREAD-26JUN162210TBLAD-LAD2,f5_spread,TB@LAD,TB,LAD,2026-06-15T20:43:42.756674+00:00,2026-06-17T04:11:15.021404+00:00,1107,102.4,48477.1,5,28,65,37,91,33,1073.65,554.51,False,True,False,live_responsive
KXMLBF5SPREAD-26JUN162210TBLAD-TB3,f5_spread,TB@LAD,TB,LAD,2026-06-15T20:43:42.756674+00:00,2026-06-17T04:11:15.021404+00:00,1107,102.4,48477.1,5,16,57,41,52,41,1071.35,548.01,False,True,False,live_responsive
KXMLBF5SPREAD-26JUN162210TBLAD-TB2,f5_spread,TB@LAD,TB,LAD,2026-06-15T20:43:42.756674+00:00,2026-06-17T04:11:15.021404+00:00,1107,102.4,48477.1,4,25,62,37,97,37,1073.65,548.01,False,True,False,live_responsive
KXMLBF5SPREAD-26JUN162210TBLAD-LAD3,f5_spread,TB@LAD,TB,LAD,2026-06-15T20:43:42.756674+00:00,2026-06-17T04:11:15.021404+00:00,1107,102.4,48477.1,6,19,60,41,106,39,1071.35,554.01,False,True,False,live_responsive
KXMLBF5SPREAD-26JUN162140PITATH-ATH2,f5_spread,PIT@ATH,PIT,ATH,2026-06-15T20:43:42.756674+00:00,2026-06-17T04:11:15.021404+00:00,1107,102.4,48477.1,6,19,50,31,80,31,1071.35,539.51,True,True,False,live_responsive
KXMLBF5SPREAD-26JUN162140PITATH-ATH3,f5_spread,PIT@ATH,PIT,ATH,2026-06-15T20:43:42.756674+00:00,2026-06-17T04:11:15.021404+00:00,1107,102.4,48477.1,6,14,50,36,94,36,1071.35,539.51,True,True,False,live_responsive
KXMLBF5SPREAD-26JUN162140PITATH-PIT3,f5_spread,PIT@ATH,PIT,ATH,2026-06-15T20:43:42.756674+00:00,2026-06-17T04:11:15.021404+00:00,1107,102.4,48477.1,5,18,58,40,60,40,1071.35,511.01,True,True,False,live_responsive
KXMLBF5SPREAD-26JUN162140PITATH-PIT2,f5_spread,PIT@ATH,PIT,ATH,2026-06-15T20:43:42.756674+00:00,2026-06-17T04:11:15.021404+00:00,1107,102.4,48477.1,5,23,62,39,101,35,1071.35,518.01,True,True,False,live_responsive
KXMLBF5SPREAD-26JUN162140LAAAZ-LAA2,f5_spread,LAA@AZ,LAA,AZ,2026-06-15T20:43:42.756674+00:00,2026-06-17T04:11:15.021404+00:00,1107,102.4,48477.1,3,16,50,34,87,34,1073.65,534.51,False,True,False,live_responsive
KXMLBF5SPREAD-26JUN162140LAAAZ-LAA3,f5_spread,LAA@AZ,LAA,AZ,2026-06-15T20:43:42.756674+00:00,2026-06-17T04:11:15.021404+00:00,1107,102.4,48477.1,4,11,50,39,50,39,1076.28,534.01,True,True,False,live_responsive
KXMLBF5SPREAD-26JUN162140LAAAZ-AZ3,f5_spread,LAA@AZ,LAA,AZ,2026-06-15T20:43:42.756674+00:00,2026-06-17T04:11:15.021404+00:00,1107,102.4,48477.1,5,17,58,41,110,41,1071.35,521.51,True,True,False,live_responsive
KXMLBF5SPREAD-26JUN162140LAAAZ-AZ2,f5_spread,LAA@AZ,LAA,AZ,2026-06-15T20:43:42.756674+00:00,2026-06-17T04:11:15.021404+00:00,1107,102.4,48477.1,5,26,63,37,95,35,1073.65,524.01,False,True,False,live_responsive
KXMLBF5SPREAD-26JUN162140BALSEA-SEA3,f5_spread,BAL@SEA,BAL,SEA,2026-06-15T20:43:42.756674+00:00,2026-06-17T04:11:15.021404+00:00,1107,102.4,48477.1,4,22,60,38,102,38,1073.65,536.01,False,True,False,live_responsive
KXMLBF5SPREAD-26JUN162140BALSEA-BAL2,f5_spread,BAL@SEA,BAL,SEA,2026-06-15T20:43:42.756674+00:00,2026-06-17T04:11:15.021404+00:00,1107,102.4,48477.1,5,21,60,39,104,39,1073.65,525.01,False,True,False,live_responsive
KXMLBF5SPREAD-26JUN162140BALSEA-BAL3,f5_spread,BAL@SEA,BAL,SEA,2026-06-15T20:43:42.756674+00:00,2026-06-17T04:11:15.021404+00:00,1107,102.4,48477.1,5,12,55,43,56,43,1076.28,525.01,False,True,False,live_responsive
KXMLBF5SPREAD-26JUN162140BALSEA-SEA2,f5_spread,BAL@SEA,BAL,SEA,2026-06-15T20:43:42.756674+00:00,2026-06-17T04:11:15.021404+00:00,1107,102.4,48477.1,3,34,66,32,80,32,1073.65,536.01,False,True,False,live_responsive
KXMLBF5SPREAD-26JUN162010DETHOU-HOU2,f5_spread,DET@HOU,DET,HOU,2026-06-15T20:43:42.756674+00:00,2026-06-17T04:11:15.021404+00:00,1107,102.4,48477.1,5,30,67,37,87,30,1071.35,459.51,True,False,False,live_responsive
KXMLBF5SPREAD-26JUN162010DETHOU-HOU3,f5_spread,DET@HOU,DET,HOU,2026-06-15T20:43:42.756674+00:00,2026-06-17T04:11:15.021404+00:00,1107,102.4,48477.1,5,20,62,42,108,36,1071.35,459.51,True,False,False,live_responsive
KXMLBF5SPREAD-26JUN162010DETHOU-DET3,f5_spread,DET@HOU,DET,HOU,2026-06-15T20:43:42.756674+00:00,2026-06-17T04:11:15.021404+00:00,1107,102.4,48477.1,5,11,55,44,112,44,1073.65,446.01,True,True,False,live_responsive
KXMLBF5SPREAD-26JUN162010DETHOU-DET2,f5_spread,DET@HOU,DET,HOU,2026-06-15T20:43:42.756674+00:00,2026-06-17T04:11:15.021404+00:00,1107,102.4,48477.1,5,20,59,39,101,39,1073.65,446.01,True,True,False,live_responsive
KXMLBF5SPREAD-26JUN162005MINTEX-TEX2,f5_spread,MIN@TEX,MIN,TEX,2026-06-15T20:43:42.756674+00:00,2026-06-17T04:11:15.021404+00:00,1107,102.4,48477.1,4,31,65,34,87,34,1071.35,424.51,True,True,False,live_responsive
KXMLBF5SPREAD-26JUN162005MINTEX-MIN3,f5_spread,MIN@TEX,MIN,TEX,2026-06-15T20:43:42.756674+00:00,2026-06-17T04:11:15.021404+00:00,1107,102.4,48477.1,5,9,50,41,111,41,1071.35,445.01,True,True,False,live_responsive
KXMLBF5SPREAD-26JUN162005MINTEX-MIN2,f5_spread,MIN@TEX,MIN,TEX,2026-06-15T20:43:42.756674+00:00,2026-06-17T04:11:15.021404+00:00,1107,102.4,48477.1,4,14,50,36,95,36,1073.65,437.51,True,True,False,live_responsive
KXMLBF5SPREAD-26JUN162005MINTEX-TEX3,f5_spread,MIN@TEX,MIN,TEX,2026-06-15T20:43:42.756674+00:00,2026-06-17T04:11:15.021404+00:00,1107,102.4,48477.1,3,21,59,38,105,38,1073.65,403.01,True,True,False,live_responsive
KXMLBF5SPREAD-26JUN161945SDSTL-SD2,f5_spread,SD@STL,SD,STL,2026-06-15T20:43:42.756674+00:00,2026-06-17T04:11:15.021404+00:00,1107,102.4,48477.1,6,27,63,36,92,36,1071.35,421.51,False,True,False,live_responsive
KXMLBF5SPREAD-26JUN161945SDSTL-STL3,f5_spread,SD@STL,SD,STL,2026-06-15T20:43:42.756674+00:00,2026-06-17T04:11:15.021404+00:00,1107,102.4,48477.1,4,20,59,39,108,39,1071.35,444.01,True,True,False,live_responsive
KXMLBF5SPREAD-26JUN161945SDSTL-SD3,f5_spread,SD@STL,SD,STL,2026-06-15T20:43:42.756674+00:00,2026-06-17T04:11:15.021404+00:00,1107,102.4,48477.1,6,17,58,41,109,41,1071.35,421.01,False,True,False,live_responsive
KXMLBF5SPREAD-26JUN161945SDSTL-STL2,f5_spread,SD@STL,SD,STL,2026-06-15T20:43:42.756674+00:00,2026-06-17T04:11:15.021404+00:00,1107,102.4,48477.1,9,16,50,34,136,34,1066.35,424.01,True,True,False,live_responsive
KXMLBF5SPREAD-26JUN161940CLEMIL-CLE2,f5_spread,CLE@MIL,CLE,MIL,2026-06-15T20:43:42.756674+00:00,2026-06-17T04:11:15.021404+00:00,1107,102.4,48477.1,5,24,61,37,97,37,1073.65,400.01,True,True,False,live_responsive
KXMLBF5SPREAD-26JUN161940CLEMIL-CLE3,f5_spread,CLE@MIL,CLE,MIL,2026-06-15T20:43:42.756674+00:00,2026-06-17T04:11:15.021404+00:00,1107,102.4,48477.1,6,14,56,42,113,42,1071.35,399.51,True,True,False,live_responsive
KXMLBF5SPREAD-26JUN161940CLEMIL-MIL3,f5_spread,CLE@MIL,CLE,MIL,2026-06-15T20:43:42.756674+00:00,2026-06-17T04:11:15.021404+00:00,1107,102.4,48477.1,4,23,61,38,102,37,1073.65,410.51,False,True,False,live_responsive
KXMLBF5SPREAD-26JUN161940CLEMIL-MIL2,f5_spread,CLE@MIL,CLE,MIL,2026-06-15T20:43:42.756674+00:00,2026-06-17T04:11:15.021404+00:00,1107,102.4,48477.1,3,34,66,32,80,32,1073.65,410.51,False,True,False,live_responsive
KXMLBF5SPREAD-26JUN161915SFATL-ATL3,f5_spread,SF@ATL,SF,ATL,2026-06-15T20:43:42.756674+00:00,2026-06-17T04:11:15.021404+00:00,1107,102.4,48477.1,3,23,50,27,50,27,1074.65,610.51,False,False,False,slow_but_moving
KXMLBF5SPREAD-26JUN161915SFATL-SF3,f5_spread,SF@ATL,SF,ATL,2026-06-15T20:43:42.756674+00:00,2026-06-17T04:11:15.021404+00:00,1107,102.4,48477.1,2,17,50,33,66,33,1074.65,610.51,False,False,False,stale
KXMLBF5SPREAD-26JUN161915SFATL-ATL2,f5_spread,SF@ATL,SF,ATL,2026-06-15T20:43:42.756674+00:00,2026-06-17T04:11:15.021404+00:00,1107,102.4,48477.1,4,34,50,16,31,16,1072.35,610.51,False,False,False,slow_but_moving
KXMLBF5SPREAD-26JUN161915SFATL-SF2,f5_spread,SF@ATL,SF,ATL,2026-06-15T20:43:42.756674+00:00,2026-06-17T04:11:15.021404+00:00,1107,102.4,48477.1,2,26,50,24,48,24,1074.65,610.51,False,False,False,stale
KXMLBF5SPREAD-26JUN161905CWSNYY-NYY2,f5_spread,CWS@NYY,CWS,NYY,2026-06-15T20:43:42.756674+00:00,2026-06-17T04:11:15.021404+00:00,1107,102.4,48477.1,3,17,50,33,84,33,1073.65,382.01,True,True,False,live_responsive
KXMLBF5SPREAD-26JUN161905CWSNYY-CWS2,f5_spread,CWS@NYY,CWS,NYY,2026-06-15T20:43:42.756674+00:00,2026-06-17T04:11:15.021404+00:00,1107,102.4,48477.1,5,22,60,38,99,38,1073.65,369.51,True,True,False,live_responsive
KXMLBF5SPREAD-26JUN161905CWSNYY-CWS3,f5_spread,CWS@NYY,CWS,NYY,2026-06-15T20:43:42.756674+00:00,2026-06-17T04:11:15.021404+00:00,1107,102.4,48477.1,5,13,56,43,117,43,1073.65,367.51,True,True,False,live_responsive
KXMLBF5SPREAD-26JUN161905CWSNYY-NYY3,f5_spread,CWS@NYY,CWS,NYY,2026-06-15T20:43:42.756674+00:00,2026-06-17T04:11:15.021404+00:00,1107,102.4,48477.1,3,11,50,39,108,39,1073.65,382.01,True,True,False,live_responsive
KXMLBF5SPREAD-26JUN161840MIAPHI-MIA2,f5_spread,MIA@PHI,MIA,PHI,2026-06-15T20:43:42.756674+00:00,2026-06-17T04:11:15.021404+00:00,1107,102.4,48477.1,4,19,59,40,110,39,1073.65,306.5,True,True,False,live_responsive
KXMLBF5SPREAD-26JUN161840MIAPHI-PHI3,f5_spread,MIA@PHI,MIA,PHI,2026-06-15T20:43:42.756674+00:00,2026-06-17T04:11:15.021404+00:00,1107,102.4,48477.1,4,13,50,37,97,37,1073.65,354.01,True,True,False,live_responsive
KXMLBF5SPREAD-26JUN161840MIAPHI-MIA3,f5_spread,MIA@PHI,MIA,PHI,2026-06-15T20:43:42.756674+00:00,2026-06-17T04:11:15.021404+00:00,1107,102.4,48477.1,5,10,54,44,123,43,1073.65,323.0,True,True,False,live_responsive
KXMLBF5SPREAD-26JUN161840MIAPHI-PHI2,f5_spread,MIA@PHI,MIA,PHI,2026-06-15T20:43:42.756674+00:00,2026-06-17T04:11:15.021404+00:00,1107,102.4,48477.1,3,20,50,30,72,30,1073.65,331.01,True,True,False,live_responsive
KXMLBF5SPREAD-26JUN162005COLCHC-CHC2,f5_spread,COL@CHC,COL,CHC,2026-06-16T19:40:54.767936+00:00,2026-06-17T04:11:15.021404+00:00,952,32.2,1572.0,3,40,69,29,48,29,509.34,355.34,True,True,False,live_responsive
KXMLBF5SPREAD-26JUN162005COLCHC-COL2,f5_spread,COL@CHC,COL,CHC,2026-06-16T19:40:54.767936+00:00,2026-06-17T04:11:15.021404+00:00,952,32.2,1572.0,3,12,50,38,48,38,509.34,367.84,False,True,False,live_responsive
KXMLBF5SPREAD-26JUN162005COLCHC-COL3,f5_spread,COL@CHC,COL,CHC,2026-06-16T19:40:54.767936+00:00,2026-06-17T04:11:15.021404+00:00,952,32.2,1572.0,3,7,50,43,49,43,509.34,367.34,False,True,False,live_responsive
KXMLBF5SPREAD-26JUN162005COLCHC-CHC3,f5_spread,COL@CHC,COL,CHC,2026-06-16T19:40:54.767936+00:00,2026-06-17T04:11:15.021404+00:00,952,32.2,1572.0,3,29,63,34,47,34,509.34,355.34,True,True,False,live_responsive
KXMLBF5SPREAD-26JUN161910NYMCIN-CIN2,f5_spread,NYM@CIN,NYM,CIN,2026-06-16T19:40:54.767936+00:00,2026-06-17T04:11:15.021404+00:00,952,32.2,1572.0,3,16,50,34,49,34,509.34,295.84,True,True,False,live_responsive
KXMLBF5SPREAD-26JUN161910NYMCIN-CIN3,f5_spread,NYM@CIN,NYM,CIN,2026-06-16T19:40:54.767936+00:00,2026-06-17T04:11:15.021404+00:00,952,32.2,1572.0,3,11,50,39,49,39,509.34,295.84,True,True,False,live_responsive
KXMLBF5SPREAD-26JUN161910NYMCIN-NYM2,f5_spread,NYM@CIN,NYM,CIN,2026-06-16T19:40:54.767936+00:00,2026-06-17T04:11:15.021404+00:00,952,32.2,1572.0,3,32,65,33,48,33,509.34,287.34,True,True,False,live_responsive
KXMLBF5SPREAD-26JUN161910NYMCIN-NYM3,f5_spread,NYM@CIN,NYM,CIN,2026-06-16T19:40:54.767936+00:00,2026-06-17T04:11:15.021404+00:00,952,32.2,1572.0,3,21,60,39,69,39,508.34,281.84,True,True,False,live_responsive
KXMLBF5SPREAD-26JUN161845TORBOS-TOR2,f5_spread,TOR@BOS,TOR,BOS,2026-06-16T19:40:54.767936+00:00,2026-06-17T04:11:15.021404+00:00,952,32.2,1572.0,3,15,50,35,48,35,509.34,284.84,False,True,False,live_responsive
KXMLBF5SPREAD-26JUN161845TORBOS-TOR3,f5_spread,TOR@BOS,TOR,BOS,2026-06-16T19:40:54.767936+00:00,2026-06-17T04:11:15.021404+00:00,952,32.2,1572.0,3,9,50,41,48,41,509.34,284.84,False,True,False,live_responsive
KXMLBF5SPREAD-26JUN161845TORBOS-BOS2,f5_spread,TOR@BOS,TOR,BOS,2026-06-16T19:40:54.767936+00:00,2026-06-17T04:11:15.021404+00:00,952,32.2,1572.0,3,26,62,36,48,36,509.34,278.84,True,True,False,live_responsive
KXMLBF5SPREAD-26JUN161845TORBOS-BOS3,f5_spread,TOR@BOS,TOR,BOS,2026-06-16T19:40:54.767936+00:00,2026-06-17T04:11:15.021404+00:00,952,32.2,1572.0,3,15,57,42,49,42,509.34,270.34,True,True,False,live_responsive
KXMLBF5TOTAL-26JUN162210TBLAD-5,f5_total,TB@LAD,TB,LAD,2026-06-15T20:43:42.756674+00:00,2026-06-17T04:11:15.021404+00:00,1107,102.4,48477.1,4,45,72,27,51,27,1078.59,553.51,False,True,False,live_responsive
KXMLBF5TOTAL-26JUN162210TBLAD-3,f5_total,TB@LAD,TB,LAD,2026-06-15T20:43:42.756674+00:00,2026-06-17T04:11:15.021404+00:00,1107,102.4,48477.1,6,49,87,38,70,37,1071.35,554.51,False,True,False,live_responsive
KXMLBF5TOTAL-26JUN162210TBLAD-6,f5_total,TB@LAD,TB,LAD,2026-06-15T20:43:42.756674+00:00,2026-06-17T04:11:15.021404+00:00,1107,102.4,48477.1,6,30,66,36,86,32,1071.35,554.51,False,True,False,live_responsive
KXMLBF5TOTAL-26JUN162210TBLAD-4,f5_total,TB@LAD,TB,LAD,2026-06-15T20:43:42.756674+00:00,2026-06-17T04:11:15.021404+00:00,1107,102.4,48477.1,6,48,79,31,72,29,1071.35,554.51,False,True,False,live_responsive
KXMLBF5TOTAL-26JUN162210TBLAD-7,f5_total,TB@LAD,TB,LAD,2026-06-15T20:43:42.756674+00:00,2026-06-17T04:11:15.021404+00:00,1107,102.4,48477.1,5,24,61,37,96,37,1071.35,549.51,False,True,False,live_responsive
KXMLBF5TOTAL-26JUN162210TBLAD-2,f5_total,TB@LAD,TB,LAD,2026-06-15T20:43:42.756674+00:00,2026-06-17T04:11:15.021404+00:00,1107,102.4,48477.1,6,48,90,42,94,40,1071.35,554.51,False,True,False,live_responsive
KXMLBF5TOTAL-26JUN162210TBLAD-1,f5_total,TB@LAD,TB,LAD,2026-06-15T20:43:42.756674+00:00,2026-06-17T04:11:15.021404+00:00,1107,102.4,48477.1,5,50,95,45,77,45,1071.35,554.51,False,True,False,live_responsive
KXMLBF5TOTAL-26JUN162140PITATH-1,f5_total,PIT@ATH,PIT,ATH,2026-06-15T20:43:42.756674+00:00,2026-06-17T04:11:15.021404+00:00,1107,102.4,48477.1,5,49,96,47,68,47,1071.35,482.51,True,True,False,live_responsive
KXMLBF5TOTAL-26JUN162140PITATH-2,f5_total,PIT@ATH,PIT,ATH,2026-06-15T20:43:42.756674+00:00,2026-06-17T04:11:15.021404+00:00,1107,102.4,48477.1,6,47,92,45,86,45,1071.35,482.51,True,True,False,live_responsive
KXMLBF5TOTAL-26JUN162140PITATH-4,f5_total,PIT@ATH,PIT,ATH,2026-06-15T20:43:42.756674+00:00,2026-06-17T04:11:15.021404+00:00,1107,102.4,48477.1,5,38,75,37,97,37,1076.28,487.01,True,True,False,live_responsive
KXMLBF5TOTAL-26JUN162140PITATH-5,f5_total,PIT@ATH,PIT,ATH,2026-06-15T20:43:42.756674+00:00,2026-06-17T04:11:15.021404+00:00,1107,102.4,48477.1,6,33,66,33,82,31,1071.35,521.01,True,True,False,live_responsive
KXMLBF5TOTAL-26JUN162140PITATH-6,f5_total,PIT@ATH,PIT,ATH,2026-06-15T20:43:42.756674+00:00,2026-06-17T04:11:15.021404+00:00,1107,102.4,48477.1,6,48,76,28,59,26,1071.35,550.51,True,True,False,live_responsive
KXMLBF5TOTAL-26JUN162140PITATH-7,f5_total,PIT@ATH,PIT,ATH,2026-06-15T20:43:42.756674+00:00,2026-06-17T04:11:15.021404+00:00,1107,102.4,48477.1,5,35,70,35,76,28,1071.35,550.51,True,True,False,live_responsive
KXMLBF5TOTAL-26JUN162140PITATH-3,f5_total,PIT@ATH,PIT,ATH,2026-06-15T20:43:42.756674+00:00,2026-06-17T04:11:15.021404+00:00,1107,102.4,48477.1,6,43,83,40,88,40,1071.35,482.51,True,True,False,live_responsive
KXMLBF5TOTAL-26JUN162140LAAAZ-7,f5_total,LAA@AZ,LAA,AZ,2026-06-15T20:43:42.756674+00:00,2026-06-17T04:11:15.021404+00:00,1107,102.4,48477.1,6,28,63,35,68,35,1071.35,538.51,False,True,False,live_responsive
KXMLBF5TOTAL-26JUN162140LAAAZ-5,f5_total,LAA@AZ,LAA,AZ,2026-06-15T20:43:42.756674+00:00,2026-06-17T04:11:15.021404+00:00,1107,102.4,48477.1,5,26,52,26,55,25,1879.3,1531.4,False,True,False,live_responsive
KXMLBF5TOTAL-26JUN162140LAAAZ-1,f5_total,LAA@AZ,LAA,AZ,2026-06-15T20:43:42.756674+00:00,2026-06-17T04:11:15.021404+00:00,1107,102.4,48477.1,5,49,95,46,71,46,1071.35,474.01,False,True,False,live_responsive
KXMLBF5TOTAL-26JUN162140LAAAZ-4,f5_total,LAA@AZ,LAA,AZ,2026-06-15T20:43:42.756674+00:00,2026-06-17T04:11:15.021404+00:00,1107,102.4,48477.1,5,33,64,31,78,31,1071.35,523.51,False,True,False,live_responsive
KXMLBF5TOTAL-26JUN162140LAAAZ-6,f5_total,LAA@AZ,LAA,AZ,2026-06-15T20:43:42.756674+00:00,2026-06-17T04:11:15.021404+00:00,1107,102.4,48477.1,5,35,69,34,77,30,1071.35,538.51,False,True,False,live_responsive
KXMLBF5TOTAL-26JUN162140LAAAZ-2,f5_total,LAA@AZ,LAA,AZ,2026-06-15T20:43:42.756674+00:00,2026-06-17T04:11:15.021404+00:00,1107,102.4,48477.1,6,46,87,41,59,41,1071.35,490.51,False,True,False,live_responsive
KXMLBF5TOTAL-26JUN162140LAAAZ-3,f5_total,LAA@AZ,LAA,AZ,2026-06-15T20:43:42.756674+00:00,2026-06-17T04:11:15.021404+00:00,1107,102.4,48477.1,6,39,77,38,54,38,1071.35,512.51,False,True,False,live_responsive
KXMLBF5TOTAL-26JUN162140BALSEA-6,f5_total,BAL@SEA,BAL,SEA,2026-06-15T20:43:42.756674+00:00,2026-06-17T04:11:15.021404+00:00,1107,102.4,48477.1,6,31,65,34,84,33,1071.35,536.01,False,True,False,live_responsive
KXMLBF5TOTAL-26JUN162140BALSEA-5,f5_total,BAL@SEA,BAL,SEA,2026-06-15T20:43:42.756674+00:00,2026-06-17T04:11:15.021404+00:00,1107,102.4,48477.1,6,44,71,27,56,27,1071.35,536.01,False,True,False,live_responsive
KXMLBF5TOTAL-26JUN162140BALSEA-3,f5_total,BAL@SEA,BAL,SEA,2026-06-15T20:43:42.756674+00:00,2026-06-17T04:11:15.021404+00:00,1107,102.4,48477.1,5,49,86,37,102,36,1071.35,536.01,False,True,False,live_responsive
KXMLBF5TOTAL-26JUN162140BALSEA-2,f5_total,BAL@SEA,BAL,SEA,2026-06-15T20:43:42.756674+00:00,2026-06-17T04:11:15.021404+00:00,1419,79.9,48477.1,6,44,86,42,60,42,1056.67,505.33,False,True,False,live_responsive
KXMLBF5TOTAL-26JUN162140BALSEA-1,f5_total,BAL@SEA,BAL,SEA,2026-06-15T20:43:42.756674+00:00,2026-06-17T04:11:15.021404+00:00,1107,102.4,48477.1,5,48,93,45,83,45,1071.35,468.51,True,True,False,live_responsive
KXMLBF5TOTAL-26JUN162140BALSEA-4,f5_total,BAL@SEA,BAL,SEA,2026-06-15T20:43:42.756674+00:00,2026-06-17T04:11:15.021404+00:00,1107,102.4,48477.1,6,48,78,30,74,28,1071.35,536.01,False,True,False,live_responsive
KXMLBF5TOTAL-26JUN162140BALSEA-7,f5_total,BAL@SEA,BAL,SEA,2026-06-15T20:43:42.756674+00:00,2026-06-17T04:11:15.021404+00:00,1107,102.4,48477.1,6,22,60,38,108,38,1071.35,529.01,False,True,False,live_responsive
KXMLBF5TOTAL-26JUN162010DETHOU-1,f5_total,DET@HOU,DET,HOU,2026-06-15T20:43:42.756674+00:00,2026-06-17T04:11:15.021404+00:00,1107,102.4,48477.1,5,49,95,46,115,46,1071.35,392.01,True,False,False,live_responsive
KXMLBF5TOTAL-26JUN162010DETHOU-2,f5_total,DET@HOU,DET,HOU,2026-06-15T20:43:42.756674+00:00,2026-06-17T04:11:15.021404+00:00,1107,102.4,48477.1,6,44,87,43,91,43,1071.35,456.01,True,True,False,live_responsive
KXMLBF5TOTAL-26JUN162010DETHOU-5,f5_total,DET@HOU,DET,HOU,2026-06-15T20:43:42.756674+00:00,2026-06-17T04:11:15.021404+00:00,1107,102.4,48477.1,6,43,73,30,61,26,1071.35,459.51,True,False,False,live_responsive
KXMLBF5TOTAL-26JUN162010DETHOU-7,f5_total,DET@HOU,DET,HOU,2026-06-15T20:43:42.756674+00:00,2026-06-17T04:11:15.021404+00:00,1107,102.4,48477.1,6,20,62,42,107,37,1071.35,452.01,True,True,False,live_responsive
KXMLBF5TOTAL-26JUN162010DETHOU-3,f5_total,DET@HOU,DET,HOU,2026-06-15T20:43:42.756674+00:00,2026-06-17T04:11:15.021404+00:00,1107,102.4,48477.1,6,49,86,37,95,36,1071.35,459.51,True,False,False,live_responsive
KXMLBF5TOTAL-26JUN162010DETHOU-6,f5_total,DET@HOU,DET,HOU,2026-06-15T20:43:42.756674+00:00,2026-06-17T04:11:15.021404+00:00,1107,102.4,48477.1,6,31,67,36,84,31,1071.35,459.51,True,False,False,live_responsive
KXMLBF5TOTAL-26JUN162010DETHOU-4,f5_total,DET@HOU,DET,HOU,2026-06-15T20:43:42.756674+00:00,2026-06-17T04:11:15.021404+00:00,1107,102.4,48477.1,6,48,80,32,65,30,1071.35,459.51,True,False,False,live_responsive
KXMLBF5TOTAL-26JUN162005MINTEX-5,f5_total,MIN@TEX,MIN,TEX,2026-06-15T20:43:42.756674+00:00,2026-06-17T04:11:15.021404+00:00,1107,102.4,48477.1,4,25,50,25,51,25,1881.6,1450.96,True,True,False,live_responsive
KXMLBF5TOTAL-26JUN162005MINTEX-4,f5_total,MIN@TEX,MIN,TEX,2026-06-15T20:43:42.756674+00:00,2026-06-17T04:11:15.021404+00:00,1107,102.4,48477.1,5,32,63,31,76,30,1073.65,402.01,True,True,False,live_responsive
KXMLBF5TOTAL-26JUN162005MINTEX-7,f5_total,MIN@TEX,MIN,TEX,2026-06-15T20:43:42.756674+00:00,2026-06-17T04:11:15.021404+00:00,1107,102.4,48477.1,6,14,50,36,92,36,1071.35,429.01,True,True,False,live_responsive
KXMLBF5TOTAL-26JUN162005MINTEX-1,f5_total,MIN@TEX,MIN,TEX,2026-06-15T20:43:42.756674+00:00,2026-06-17T04:11:15.021404+00:00,1107,102.4,48477.1,5,49,95,46,89,46,1071.35,368.01,True,True,False,live_responsive
KXMLBF5TOTAL-26JUN162005MINTEX-3,f5_total,MIN@TEX,MIN,TEX,2026-06-15T20:43:42.756674+00:00,2026-06-17T04:11:15.021404+00:00,1107,102.4,48477.1,6,39,76,37,99,37,1071.35,402.01,True,True,False,live_responsive
KXMLBF5TOTAL-26JUN162005MINTEX-6,f5_total,MIN@TEX,MIN,TEX,2026-06-15T20:43:42.756674+00:00,2026-06-17T04:11:15.021404+00:00,1107,102.4,48477.1,4,19,50,31,73,31,1073.65,429.01,True,True,False,live_responsive
KXMLBF5TOTAL-26JUN162005MINTEX-2,f5_total,MIN@TEX,MIN,TEX,2026-06-15T20:43:42.756674+00:00,2026-06-17T04:11:15.021404+00:00,1107,102.4,48477.1,6,45,88,43,58,43,1071.35,377.01,True,True,False,live_responsive
KXMLBF5TOTAL-26JUN161945SDSTL-2,f5_total,SD@STL,SD,STL,2026-06-15T20:43:42.756674+00:00,2026-06-17T04:11:15.021404+00:00,1107,102.4,48477.1,6,44,86,42,96,42,1071.35,380.51,True,True,False,live_responsive
KXMLBF5TOTAL-26JUN161945SDSTL-1,f5_total,SD@STL,SD,STL,2026-06-15T20:43:42.756674+00:00,2026-06-17T04:11:15.021404+00:00,1107,102.4,48477.1,5,49,95,46,125,46,1071.35,379.51,False,True,False,live_responsive
KXMLBF5TOTAL-26JUN161945SDSTL-5,f5_total,SD@STL,SD,STL,2026-06-15T20:43:42.756674+00:00,2026-06-17T04:11:15.021404+00:00,1107,102.4,48477.1,4,48,73,25,52,25,1071.35,444.01,True,True,False,live_responsive
KXMLBF5TOTAL-26JUN161945SDSTL-7,f5_total,SD@STL,SD,STL,2026-06-15T20:43:42.756674+00:00,2026-06-17T04:11:15.021404+00:00,1107,102.4,48477.1,6,23,62,39,100,36,1071.35,444.01,True,True,False,live_responsive
KXMLBF5TOTAL-26JUN161945SDSTL-3,f5_total,SD@STL,SD,STL,2026-06-15T20:43:42.756674+00:00,2026-06-17T04:11:15.021404+00:00,1107,102.4,48477.1,6,38,75,37,54,37,1071.35,427.01,False,True,False,live_responsive
KXMLBF5TOTAL-26JUN161945SDSTL-4,f5_total,SD@STL,SD,STL,2026-06-15T20:43:42.756674+00:00,2026-06-17T04:11:15.021404+00:00,1107,102.4,48477.1,5,32,63,31,76,30,1073.65,438.01,False,True,False,live_responsive
KXMLBF5TOTAL-26JUN161945SDSTL-6,f5_total,SD@STL,SD,STL,2026-06-15T20:43:42.756674+00:00,2026-06-17T04:11:15.021404+00:00,1107,102.4,48477.1,5,36,67,31,70,31,1073.65,444.01,True,True,False,live_responsive
KXMLBF5TOTAL-26JUN161940CLEMIL-1,f5_total,CLE@MIL,CLE,MIL,2026-06-15T20:43:42.756674+00:00,2026-06-17T04:11:15.021404+00:00,1107,102.4,48477.1,5,48,95,47,65,47,1071.35,392.51,False,True,False,live_responsive
KXMLBF5TOTAL-26JUN161940CLEMIL-5,f5_total,CLE@MIL,CLE,MIL,2026-06-15T20:43:42.756674+00:00,2026-06-17T04:11:15.021404+00:00,1107,102.4,48477.1,4,48,75,27,54,25,1073.65,410.51,False,True,False,live_responsive
KXMLBF5TOTAL-26JUN161940CLEMIL-4,f5_total,CLE@MIL,CLE,MIL,2026-06-15T20:43:42.756674+00:00,2026-06-17T04:11:15.021404+00:00,1107,102.4,48477.1,4,48,82,34,81,32,1073.65,410.51,False,True,False,live_responsive
KXMLBF5TOTAL-26JUN161940CLEMIL-6,f5_total,CLE@MIL,CLE,MIL,2026-06-15T20:43:42.756674+00:00,2026-06-17T04:11:15.021404+00:00,1107,102.4,48477.1,4,39,69,30,69,30,1073.65,409.01,False,True,False,live_responsive
KXMLBF5TOTAL-26JUN161940CLEMIL-7,f5_total,CLE@MIL,CLE,MIL,2026-06-15T20:43:42.756674+00:00,2026-06-17T04:11:15.021404+00:00,1107,102.4,48477.1,6,27,63,36,91,36,1071.35,407.01,False,True,False,live_responsive
KXMLBF5TOTAL-26JUN161940CLEMIL-3,f5_total,CLE@MIL,CLE,MIL,2026-06-15T20:43:42.756674+00:00,2026-06-17T04:11:15.021404+00:00,1107,102.4,48477.1,4,49,88,39,105,38,1073.65,410.51,False,True,False,live_responsive
KXMLBF5TOTAL-26JUN161940CLEMIL-2,f5_total,CLE@MIL,CLE,MIL,2026-06-15T20:43:42.756674+00:00,2026-06-17T04:11:15.021404+00:00,1107,102.4,48477.1,6,48,92,44,59,42,1071.35,410.51,False,True,False,live_responsive
KXMLBF5TOTAL-26JUN161915SFATL-1,f5_total,SF@ATL,SF,ATL,2026-06-15T20:43:42.756674+00:00,2026-06-17T04:11:15.021404+00:00,1107,102.4,48477.1,4,49,66,17,33,16,1071.85,325.0,False,False,False,slow_but_moving
KXMLBF5TOTAL-26JUN161915SFATL-2,f5_total,SF@ATL,SF,ATL,2026-06-15T20:43:42.756674+00:00,2026-06-17T04:11:15.021404+00:00,1107,102.4,48477.1,5,46,56,10,18,6,1071.85,331.01,True,True,False,live_responsive
KXMLBF5TOTAL-26JUN161915SFATL-4,f5_total,SF@ATL,SF,ATL,2026-06-15T20:43:42.756674+00:00,2026-06-17T04:11:15.021404+00:00,1107,102.4,48477.1,4,35,69,34,55,21,1074.15,354.51,False,False,False,slow_but_moving
KXMLBF5TOTAL-26JUN161915SFATL-3,f5_total,SF@ATL,SF,ATL,2026-06-15T20:43:42.756674+00:00,2026-06-17T04:11:15.021404+00:00,1107,102.4,48477.1,5,40,81,41,73,31,1071.85,338.51,True,True,False,live_responsive
KXMLBF5TOTAL-26JUN161915SFATL-5,f5_total,SF@ATL,SF,ATL,2026-06-15T20:43:42.756674+00:00,2026-06-17T04:11:15.021404+00:00,1107,102.4,48477.1,4,28,56,28,80,22,1073.15,356.01,True,False,False,live_responsive
KXMLBF5TOTAL-26JUN161915SFATL-6,f5_total,SF@ATL,SF,ATL,2026-06-15T20:43:42.756674+00:00,2026-06-17T04:11:15.021404+00:00,1107,102.4,48477.1,4,43,50,7,12,6,1072.35,610.51,False,False,False,slow_but_moving
KXMLBF5TOTAL-26JUN161915SFATL-7,f5_total,SF@ATL,SF,ATL,2026-06-15T20:43:42.756674+00:00,2026-06-17T04:11:15.021404+00:00,1107,102.4,48477.1,4,32,50,18,34,17,1072.35,610.51,False,False,False,slow_but_moving
KXMLBF5TOTAL-26JUN161905CWSNYY-6,f5_total,CWS@NYY,CWS,NYY,2026-06-15T20:43:42.756674+00:00,2026-06-17T04:11:15.021404+00:00,1107,102.4,48477.1,5,17,50,33,84,33,1073.65,362.01,True,True,False,live_responsive
KXMLBF5TOTAL-26JUN161905CWSNYY-5,f5_total,CWS@NYY,CWS,NYY,2026-06-15T20:43:42.756674+00:00,2026-06-17T04:11:15.021404+00:00,1107,102.4,48477.1,4,22,50,28,61,28,1073.65,361.01,True,True,False,live_responsive
KXMLBF5TOTAL-26JUN161905CWSNYY-3,f5_total,CWS@NYY,CWS,NYY,2026-06-15T20:43:42.756674+00:00,2026-06-17T04:11:15.021404+00:00,1107,102.4,48477.1,5,37,72,35,91,35,1073.65,352.51,False,True,False,live_responsive
KXMLBF5TOTAL-26JUN161905CWSNYY-1,f5_total,CWS@NYY,CWS,NYY,2026-06-15T20:43:42.756674+00:00,2026-06-17T04:11:15.021404+00:00,1107,102.4,48477.1,5,48,94,46,78,46,1071.35,311.0,False,True,False,live_responsive
KXMLBF5TOTAL-26JUN161905CWSNYY-4,f5_total,CWS@NYY,CWS,NYY,2026-06-15T20:43:42.756674+00:00,2026-06-17T04:11:15.021404+00:00,1107,102.4,48477.1,5,30,58,28,64,28,1073.65,352.51,False,True,False,live_responsive
KXMLBF5TOTAL-26JUN161905CWSNYY-7,f5_total,CWS@NYY,CWS,NYY,2026-06-15T20:43:42.756674+00:00,2026-06-17T04:11:15.021404+00:00,1107,102.4,48477.1,5,11,50,39,103,39,1073.65,376.51,False,True,False,live_responsive
KXMLBF5TOTAL-26JUN161905CWSNYY-2,f5_total,CWS@NYY,CWS,NYY,2026-06-15T20:43:42.756674+00:00,2026-06-17T04:11:15.021404+00:00,1107,102.4,48477.1,4,43,85,42,121,42,1073.65,332.51,False,True,False,live_responsive
KXMLBF5TOTAL-26JUN161840MIAPHI-1,f5_total,MIA@PHI,MIA,PHI,2026-06-15T20:43:42.756674+00:00,2026-06-17T04:11:15.021404+00:00,1107,102.4,48477.1,5,49,96,47,74,47,1071.35,301.0,False,True,False,live_responsive
KXMLBF5TOTAL-26JUN161840MIAPHI-4,f5_total,MIA@PHI,MIA,PHI,2026-06-15T20:43:42.756674+00:00,2026-06-17T04:11:15.021404+00:00,1107,102.4,48477.1,4,31,61,30,73,30,1073.65,319.0,False,True,False,live_responsive
KXMLBF5TOTAL-26JUN161840MIAPHI-2,f5_total,MIA@PHI,MIA,PHI,2026-06-15T20:43:42.756674+00:00,2026-06-17T04:11:15.021404+00:00,1107,102.4,48477.1,6,44,87,43,73,43,1071.35,302.0,True,True,False,live_responsive
KXMLBF5TOTAL-26JUN161840MIAPHI-3,f5_total,MIA@PHI,MIA,PHI,2026-06-15T20:43:42.756674+00:00,2026-06-17T04:11:15.021404+00:00,1107,102.4,48477.1,5,38,74,36,61,36,1076.28,302.0,True,True,False,live_responsive
KXMLBF5TOTAL-26JUN161840MIAPHI-5,f5_total,MIA@PHI,MIA,PHI,2026-06-15T20:43:42.756674+00:00,2026-06-17T04:11:15.021404+00:00,1107,102.4,48477.1,5,24,50,26,55,26,1071.35,319.0,False,True,False,live_responsive
KXMLBF5TOTAL-26JUN161840MIAPHI-7,f5_total,MIA@PHI,MIA,PHI,2026-06-15T20:43:42.756674+00:00,2026-06-17T04:11:15.021404+00:00,1107,102.4,48477.1,6,13,50,37,99,37,1071.35,323.0,True,True,False,live_responsive
KXMLBF5TOTAL-26JUN161840MIAPHI-6,f5_total,MIA@PHI,MIA,PHI,2026-06-15T20:43:42.756674+00:00,2026-06-17T04:11:15.021404+00:00,1107,102.4,48477.1,6,18,50,32,89,32,1071.35,323.0,True,True,False,live_responsive
KXMLBF5TOTAL-26JUN162005COLCHC-1,f5_total,COL@CHC,COL,CHC,2026-06-16T19:40:54.767936+00:00,2026-06-17T04:11:15.021404+00:00,952,32.2,1572.0,3,48,94,46,48,46,509.34,271.84,True,True,False,live_responsive
KXMLBF5TOTAL-26JUN162005COLCHC-4,f5_total,COL@CHC,COL,CHC,2026-06-16T19:40:54.767936+00:00,2026-06-17T04:11:15.021404+00:00,952,32.2,1572.0,3,37,72,35,48,35,509.34,317.84,True,True,False,live_responsive
KXMLBF5TOTAL-26JUN162005COLCHC-2,f5_total,COL@CHC,COL,CHC,2026-06-16T19:40:54.767936+00:00,2026-06-17T04:11:15.021404+00:00,952,32.2,1572.0,3,47,90,43,46,43,509.34,291.34,False,True,False,live_responsive
KXMLBF5TOTAL-26JUN162005COLCHC-5,f5_total,COL@CHC,COL,CHC,2026-06-16T19:40:54.767936+00:00,2026-06-17T04:11:15.021404+00:00,952,32.2,1572.0,3,31,60,29,48,29,509.34,317.84,True,True,False,live_responsive
KXMLBF5TOTAL-26JUN162005COLCHC-3,f5_total,COL@CHC,COL,CHC,2026-06-16T19:40:54.767936+00:00,2026-06-17T04:11:15.021404+00:00,952,32.2,1572.0,3,42,82,40,48,40,509.34,315.84,False,True,False,live_responsive
KXMLBF5TOTAL-26JUN162005COLCHC-7,f5_total,COL@CHC,COL,CHC,2026-06-16T19:40:54.767936+00:00,2026-06-17T04:11:15.021404+00:00,952,32.2,1572.0,3,19,50,31,49,31,509.34,354.34,True,True,False,live_responsive
KXMLBF5TOTAL-26JUN162005COLCHC-6,f5_total,COL@CHC,COL,CHC,2026-06-16T19:40:54.767936+00:00,2026-06-17T04:11:15.021404+00:00,952,32.2,1572.0,3,25,50,25,48,25,509.34,353.34,False,True,False,live_responsive
KXMLBF5TOTAL-26JUN161910NYMCIN-1,f5_total,NYM@CIN,NYM,CIN,2026-06-16T19:40:54.767936+00:00,2026-06-17T04:11:15.021404+00:00,952,32.2,1572.0,3,49,97,48,49,48,509.34,222.83,True,True,False,live_responsive
KXMLBF5TOTAL-26JUN161910NYMCIN-2,f5_total,NYM@CIN,NYM,CIN,2026-06-16T19:40:54.767936+00:00,2026-06-17T04:11:15.021404+00:00,952,32.2,1572.0,3,47,92,45,48,45,509.34,222.83,True,True,False,live_responsive
KXMLBF5TOTAL-26JUN161910NYMCIN-3,f5_total,NYM@CIN,NYM,CIN,2026-06-16T19:40:54.767936+00:00,2026-06-17T04:11:15.021404+00:00,952,32.2,1572.0,3,43,83,40,47,40,509.34,222.83,True,True,False,live_responsive
KXMLBF5TOTAL-26JUN161910NYMCIN-4,f5_total,NYM@CIN,NYM,CIN,2026-06-16T19:40:54.767936+00:00,2026-06-17T04:11:15.021404+00:00,952,32.2,1572.0,3,37,73,36,49,36,509.34,228.83,True,True,False,live_responsive
KXMLBF5TOTAL-26JUN161910NYMCIN-5,f5_total,NYM@CIN,NYM,CIN,2026-06-16T19:40:54.767936+00:00,2026-06-17T04:11:15.021404+00:00,952,32.2,1572.0,3,31,61,30,49,30,509.34,251.33,True,True,False,live_responsive
KXMLBF5TOTAL-26JUN161910NYMCIN-7,f5_total,NYM@CIN,NYM,CIN,2026-06-16T19:40:54.767936+00:00,2026-06-17T04:11:15.021404+00:00,952,32.2,1572.0,3,37,68,31,49,31,509.34,311.34,True,True,False,live_responsive
KXMLBF5TOTAL-26JUN161910NYMCIN-6,f5_total,NYM@CIN,NYM,CIN,2026-06-16T19:40:54.767936+00:00,2026-06-17T04:11:15.021404+00:00,952,32.2,1572.0,3,25,50,25,49,25,509.34,306.34,True,True,False,live_responsive
KXMLBF5TOTAL-26JUN161845TORBOS-1,f5_total,TOR@BOS,TOR,BOS,2026-06-16T19:40:54.767936+00:00,2026-06-17T04:11:15.021404+00:00,952,32.2,1572.0,3,47,93,46,49,46,509.34,236.33,False,True,False,live_responsive
KXMLBF5TOTAL-26JUN161845TORBOS-2,f5_total,TOR@BOS,TOR,BOS,2026-06-16T19:40:54.767936+00:00,2026-06-17T04:11:15.021404+00:00,952,32.2,1572.0,3,42,82,40,48,40,509.34,267.33,False,True,False,live_responsive
KXMLBF5TOTAL-26JUN161845TORBOS-7,f5_total,TOR@BOS,TOR,BOS,2026-06-16T19:40:54.767936+00:00,2026-06-17T04:11:15.021404+00:00,952,32.2,1572.0,3,19,59,40,49,40,509.34,283.84,False,True,False,live_responsive
KXMLBF5TOTAL-26JUN161845TORBOS-3,f5_total,TOR@BOS,TOR,BOS,2026-06-16T19:40:54.767936+00:00,2026-06-17T04:11:15.021404+00:00,952,32.2,1572.0,3,35,68,33,48,33,509.34,268.83,True,True,False,live_responsive
KXMLBF5TOTAL-26JUN161845TORBOS-6,f5_total,TOR@BOS,TOR,BOS,2026-06-16T19:40:54.767936+00:00,2026-06-17T04:11:15.021404+00:00,952,32.2,1572.0,3,28,63,35,48,35,509.34,282.84,False,True,False,live_responsive
KXMLBF5TOTAL-26JUN161845TORBOS-4,f5_total,TOR@BOS,TOR,BOS,2026-06-16T19:40:54.767936+00:00,2026-06-17T04:11:15.021404+00:00,952,32.2,1572.0,3,50,76,26,49,26,509.34,284.84,False,True,False,live_responsive
KXMLBF5TOTAL-26JUN161845TORBOS-5,f5_total,TOR@BOS,TOR,BOS,2026-06-16T19:40:54.767936+00:00,2026-06-17T04:11:15.021404+00:00,952,32.2,1572.0,3,39,69,30,49,30,509.34,284.84,False,True,False,live_responsive
KXMLBTOTAL-26JUN162210TBLAD-5,full_game_total,TB@LAD,TB,LAD,2026-06-15T20:43:42.756674+00:00,2026-06-17T04:11:15.021404+00:00,1106,102.5,48477.1,4,50,92,42,83,42,1078.59,601.01,False,True,False,live_responsive
KXMLBTOTAL-26JUN162210TBLAD-6,full_game_total,TB@LAD,TB,LAD,2026-06-15T20:43:42.756674+00:00,2026-06-17T04:11:15.021404+00:00,1106,102.5,48477.1,4,50,87,37,73,37,1078.59,601.01,False,True,False,live_responsive
KXMLBTOTAL-26JUN162210TBLAD-3,full_game_total,TB@LAD,TB,LAD,2026-06-15T20:43:42.756674+00:00,2026-06-17T04:11:15.021404+00:00,1106,102.5,48477.1,3,50,97,47,94,47,1078.59,601.01,False,True,False,live_responsive
KXMLBTOTAL-26JUN162210TBLAD-10,full_game_total,TB@LAD,TB,LAD,2026-06-15T20:43:42.756674+00:00,2026-06-17T04:11:15.021404+00:00,1106,102.5,48477.1,5,36,67,31,62,31,1032.59,590.01,False,True,False,live_responsive
KXMLBTOTAL-26JUN162210TBLAD-11,full_game_total,TB@LAD,TB,LAD,2026-06-15T20:43:42.756674+00:00,2026-06-17T04:11:15.021404+00:00,1106,102.5,48477.1,3,30,64,34,68,34,1078.59,588.51,False,True,False,live_responsive
KXMLBTOTAL-26JUN162210TBLAD-9,full_game_total,TB@LAD,TB,LAD,2026-06-15T20:43:42.756674+00:00,2026-06-17T04:11:15.021404+00:00,1106,102.5,48477.1,4,45,72,27,96,27,1077.59,599.01,False,True,False,live_responsive
KXMLBTOTAL-26JUN162210TBLAD-8,full_game_total,TB@LAD,TB,LAD,2026-06-15T20:43:42.756674+00:00,2026-06-17T04:11:15.021404+00:00,1106,102.5,48477.1,4,50,76,26,54,26,1073.65,600.51,False,True,False,live_responsive
KXMLBTOTAL-26JUN162210TBLAD-12,full_game_total,TB@LAD,TB,LAD,2026-06-15T20:43:42.756674+00:00,2026-06-17T04:11:15.021404+00:00,1106,102.5,48477.1,4,22,60,38,137,38,1029.59,579.51,False,True,False,live_responsive
KXMLBTOTAL-26JUN162210TBLAD-7,full_game_total,TB@LAD,TB,LAD,2026-06-15T20:43:42.756674+00:00,2026-06-17T04:11:15.021404+00:00,1106,102.5,48477.1,3,50,82,32,64,32,1078.59,601.01,False,True,False,live_responsive
KXMLBTOTAL-26JUN162210TBLAD-13,full_game_total,TB@LAD,TB,LAD,2026-06-15T20:43:42.756674+00:00,2026-06-17T04:11:15.021404+00:00,1106,102.5,48477.1,3,17,58,41,82,41,1078.59,586.01,False,True,False,live_responsive
KXMLBTOTAL-26JUN162210TBLAD-4,full_game_total,TB@LAD,TB,LAD,2026-06-15T20:43:42.756674+00:00,2026-06-17T04:11:15.021404+00:00,1106,102.5,48477.1,3,50,94,44,88,44,1078.59,601.01,False,True,False,live_responsive
KXMLBTOTAL-26JUN162140PITATH-15,full_game_total,PIT@ATH,PIT,ATH,2026-06-15T20:43:42.756674+00:00,2026-06-17T04:11:15.021404+00:00,1106,102.5,48477.1,3,22,50,28,28,27,1074.65,610.51,False,False,False,slow_but_moving
KXMLBTOTAL-26JUN162140PITATH-10,full_game_total,PIT@ATH,PIT,ATH,2026-06-15T20:43:42.756674+00:00,2026-06-17T04:11:15.021404+00:00,1106,102.5,48477.1,3,31,58,27,27,19,1079.09,586.51,False,True,False,live_responsive
KXMLBTOTAL-26JUN162140PITATH-12,full_game_total,PIT@ATH,PIT,ATH,2026-06-15T20:43:42.756674+00:00,2026-06-17T04:11:15.021404+00:00,1106,102.5,48477.1,2,42,50,8,8,8,1079.59,610.51,False,False,False,stale
KXMLBTOTAL-26JUN162140PITATH-11,full_game_total,PIT@ATH,PIT,ATH,2026-06-15T20:43:42.756674+00:00,2026-06-17T04:11:15.021404+00:00,1106,102.5,48477.1,4,27,52,25,25,23,1074.15,586.51,False,True,False,live_responsive
KXMLBTOTAL-26JUN162140PITATH-8,full_game_total,PIT@ATH,PIT,ATH,2026-06-15T20:43:42.756674+00:00,2026-06-17T04:11:15.021404+00:00,1106,102.5,48477.1,3,38,75,37,37,25,1079.09,572.51,False,True,False,live_responsive
KXMLBTOTAL-26JUN162140PITATH-9,full_game_total,PIT@ATH,PIT,ATH,2026-06-15T20:43:42.756674+00:00,2026-06-17T04:11:15.021404+00:00,1106,102.5,48477.1,3,35,67,32,32,17,1079.09,586.51,False,True,False,live_responsive
KXMLBTOTAL-26JUN162140PITATH-13,full_game_total,PIT@ATH,PIT,ATH,2026-06-15T20:43:42.756674+00:00,2026-06-17T04:11:15.021404+00:00,1106,102.5,48477.1,3,35,50,15,16,15,1074.65,610.51,False,False,False,slow_but_moving
KXMLBTOTAL-26JUN162140PITATH-14,full_game_total,PIT@ATH,PIT,ATH,2026-06-15T20:43:42.756674+00:00,2026-06-17T04:11:15.021404+00:00,1106,102.5,48477.1,3,27,50,23,24,23,1074.65,610.51,False,False,False,slow_but_moving
KXMLBTOTAL-26JUN162140PITATH-7,full_game_total,PIT@ATH,PIT,ATH,2026-06-15T20:43:42.756674+00:00,2026-06-17T04:11:15.021404+00:00,1106,102.5,48477.1,3,43,83,40,40,33,1079.09,560.01,True,True,False,live_responsive
KXMLBTOTAL-26JUN162140PITATH-5,full_game_total,PIT@ATH,PIT,ATH,2026-06-15T20:43:42.756674+00:00,2026-06-17T04:11:15.021404+00:00,1106,102.5,48477.1,3,48,94,46,54,44,1077.09,485.01,True,True,False,live_responsive
KXMLBTOTAL-26JUN162140PITATH-6,full_game_total,PIT@ATH,PIT,ATH,2026-06-15T20:43:42.756674+00:00,2026-06-17T04:11:15.021404+00:00,1106,102.5,48477.1,3,45,88,43,43,38,1079.09,552.51,False,True,False,live_responsive
KXMLBTOTAL-26JUN162140LAAAZ-4,full_game_total,LAA@AZ,LAA,AZ,2026-06-15T20:43:42.756674+00:00,2026-06-17T04:11:15.021404+00:00,1106,102.5,48477.1,4,47,92,45,45,41,1074.15,523.51,False,True,False,live_responsive
KXMLBTOTAL-26JUN162140LAAAZ-13,full_game_total,LAA@AZ,LAA,AZ,2026-06-15T20:43:42.756674+00:00,2026-06-17T04:11:15.021404+00:00,1106,102.5,48477.1,4,20,59,39,40,30,1074.15,603.01,False,True,False,live_responsive
KXMLBTOTAL-26JUN162140LAAAZ-9,full_game_total,LAA@AZ,LAA,AZ,2026-06-15T20:43:42.756674+00:00,2026-06-17T04:11:15.021404+00:00,1106,102.5,48477.1,3,50,75,25,28,25,1079.09,609.51,False,True,False,live_responsive
KXMLBTOTAL-26JUN162140LAAAZ-12,full_game_total,LAA@AZ,LAA,AZ,2026-06-15T20:43:42.756674+00:00,2026-06-17T04:11:15.021404+00:00,1106,102.5,48477.1,3,26,62,36,60,24,1078.09,605.51,False,True,False,live_responsive
KXMLBTOTAL-26JUN162140LAAAZ-3,full_game_total,LAA@AZ,LAA,AZ,2026-06-15T20:43:42.756674+00:00,2026-06-17T04:11:15.021404+00:00,1106,102.5,48477.1,3,49,96,47,47,46,1079.09,512.51,False,False,False,slow_but_moving
KXMLBTOTAL-26JUN162140LAAAZ-5,full_game_total,LAA@AZ,LAA,AZ,2026-06-15T20:43:42.756674+00:00,2026-06-17T04:11:15.021404+00:00,1106,102.5,48477.1,3,45,87,42,42,37,1079.09,523.51,False,True,False,live_responsive
KXMLBTOTAL-26JUN162140LAAAZ-6,full_game_total,LAA@AZ,LAA,AZ,2026-06-15T20:43:42.756674+00:00,2026-06-17T04:11:15.021404+00:00,1106,102.5,48477.1,4,40,79,39,40,29,1038.03,551.51,False,False,False,slow_but_moving
KXMLBTOTAL-26JUN162140LAAAZ-7,full_game_total,LAA@AZ,LAA,AZ,2026-06-15T20:43:42.756674+00:00,2026-06-17T04:11:15.021404+00:00,1106,102.5,48477.1,3,36,71,35,35,21,1079.09,581.01,False,True,False,live_responsive
KXMLBTOTAL-26JUN162140LAAAZ-8,full_game_total,LAA@AZ,LAA,AZ,2026-06-15T20:43:42.756674+00:00,2026-06-17T04:11:15.021404+00:00,1106,102.5,48477.1,3,50,79,29,39,29,1079.09,609.01,False,True,False,live_responsive
KXMLBTOTAL-26JUN162140LAAAZ-11,full_game_total,LAA@AZ,LAA,AZ,2026-06-15T20:43:42.756674+00:00,2026-06-17T04:11:15.021404+00:00,1106,102.5,48477.1,4,34,66,32,32,16,1074.15,609.51,False,True,False,live_responsive
KXMLBTOTAL-26JUN162140LAAAZ-10,full_game_total,LAA@AZ,LAA,AZ,2026-06-15T20:43:42.756674+00:00,2026-06-17T04:11:15.021404+00:00,1106,102.5,48477.1,4,41,70,29,30,20,1074.15,609.51,False,True,False,live_responsive
KXMLBTOTAL-26JUN162140BALSEA-5,full_game_total,BAL@SEA,BAL,SEA,2026-06-15T20:43:42.756674+00:00,2026-06-17T04:11:15.021404+00:00,1106,102.5,48477.1,4,50,91,41,83,41,1073.65,598.01,False,True,False,live_responsive
KXMLBTOTAL-26JUN162140BALSEA-3,full_game_total,BAL@SEA,BAL,SEA,2026-06-15T20:43:42.756674+00:00,2026-06-17T04:11:15.021404+00:00,1106,102.5,48477.1,5,49,97,48,96,48,1073.65,505.01,False,False,False,slow_but_moving
KXMLBTOTAL-26JUN162140BALSEA-10,full_game_total,BAL@SEA,BAL,SEA,2026-06-15T20:43:42.756674+00:00,2026-06-17T04:11:15.021404+00:00,1106,102.5,48477.1,3,32,65,33,66,33,1078.59,598.01,False,True,False,live_responsive
KXMLBTOTAL-26JUN162140BALSEA-8,full_game_total,BAL@SEA,BAL,SEA,2026-06-15T20:43:42.756674+00:00,2026-06-17T04:11:15.021404+00:00,1106,102.5,48477.1,4,50,75,25,52,25,1073.65,598.01,False,True,False,live_responsive
KXMLBTOTAL-26JUN162140BALSEA-9,full_game_total,BAL@SEA,BAL,SEA,2026-06-15T20:43:42.756674+00:00,2026-06-17T04:11:15.021404+00:00,1842,61.5,48477.1,4,42,70,28,36,28,1072.15,598.01,False,True,False,live_responsive
KXMLBTOTAL-26JUN162140BALSEA-4,full_game_total,BAL@SEA,BAL,SEA,2026-06-15T20:43:42.756674+00:00,2026-06-17T04:11:15.021404+00:00,1106,102.5,48477.1,3,45,89,44,88,44,1078.59,570.01,False,True,False,live_responsive
KXMLBTOTAL-26JUN162140BALSEA-11,full_game_total,BAL@SEA,BAL,SEA,2026-06-15T20:43:42.756674+00:00,2026-06-17T04:11:15.021404+00:00,1106,102.5,48477.1,4,25,62,37,121,37,1076.59,587.51,False,True,False,live_responsive
KXMLBTOTAL-26JUN162140BALSEA-12,full_game_total,BAL@SEA,BAL,SEA,2026-06-15T20:43:42.756674+00:00,2026-06-17T04:11:15.021404+00:00,1106,102.5,48477.1,5,17,58,41,81,41,1037.53,554.51,False,True,False,live_responsive
KXMLBTOTAL-26JUN162140BALSEA-2,full_game_total,BAL@SEA,BAL,SEA,2026-06-15T20:43:42.756674+00:00,2026-06-17T04:11:15.021404+00:00,1106,102.5,48477.1,3,49,97,48,96,48,1078.59,505.01,False,False,False,slow_but_moving
KXMLBTOTAL-26JUN162140BALSEA-7,full_game_total,BAL@SEA,BAL,SEA,2026-06-15T20:43:42.756674+00:00,2026-06-17T04:11:15.021404+00:00,1106,102.5,48477.1,4,50,81,31,64,31,1073.65,598.01,False,True,False,live_responsive
KXMLBTOTAL-26JUN162140BALSEA-6,full_game_total,BAL@SEA,BAL,SEA,2026-06-15T20:43:42.756674+00:00,2026-06-17T04:11:15.021404+00:00,1106,102.5,48477.1,5,50,85,35,73,35,1032.59,598.01,False,True,False,live_responsive
KXMLBTOTAL-26JUN162010DETHOU-5,full_game_total,DET@HOU,DET,HOU,2026-06-15T20:43:42.756674+00:00,2026-06-17T04:11:15.021404+00:00,1106,102.5,48477.1,5,43,85,42,83,42,1073.65,514.51,False,False,False,slow_but_moving
KXMLBTOTAL-26JUN162010DETHOU-9,full_game_total,DET@HOU,DET,HOU,2026-06-15T20:43:42.756674+00:00,2026-06-17T04:11:15.021404+00:00,1106,102.5,48477.1,4,43,73,30,55,25,1078.59,531.01,False,True,False,live_responsive
KXMLBTOTAL-26JUN162010DETHOU-10,full_game_total,DET@HOU,DET,HOU,2026-06-15T20:43:42.756674+00:00,2026-06-17T04:11:15.021404+00:00,1106,102.5,48477.1,5,32,67,35,67,31,1037.53,531.01,False,True,False,live_responsive
KXMLBTOTAL-26JUN162010DETHOU-12,full_game_total,DET@HOU,DET,HOU,2026-06-15T20:43:42.756674+00:00,2026-06-17T04:11:15.021404+00:00,1106,102.5,48477.1,5,19,60,41,220,38,1030.53,497.01,True,True,True,live_responsive
KXMLBTOTAL-26JUN162010DETHOU-2,full_game_total,DET@HOU,DET,HOU,2026-06-15T20:43:42.756674+00:00,2026-06-17T04:11:15.021404+00:00,1106,102.5,48477.1,3,50,98,48,95,48,1079.09,549.51,False,False,False,slow_but_moving
KXMLBTOTAL-26JUN162010DETHOU-11,full_game_total,DET@HOU,DET,HOU,2026-06-15T20:43:42.756674+00:00,2026-06-17T04:11:15.021404+00:00,1106,102.5,48477.1,5,26,64,38,75,35,1032.59,531.01,False,True,False,live_responsive
KXMLBTOTAL-26JUN162010DETHOU-8,full_game_total,DET@HOU,DET,HOU,2026-06-15T20:43:42.756674+00:00,2026-06-17T04:11:15.021404+00:00,1106,102.5,48477.1,4,50,77,27,48,27,1078.59,531.01,False,True,False,live_responsive
KXMLBTOTAL-26JUN162010DETHOU-7,full_game_total,DET@HOU,DET,HOU,2026-06-15T20:43:42.756674+00:00,2026-06-17T04:11:15.021404+00:00,1106,102.5,48477.1,4,50,83,33,62,33,1078.59,531.01,False,True,False,live_responsive
KXMLBTOTAL-26JUN162010DETHOU-3,full_game_total,DET@HOU,DET,HOU,2026-06-15T20:43:42.756674+00:00,2026-06-17T04:11:15.021404+00:00,1106,102.5,48477.1,3,49,96,47,94,47,1078.59,469.08,False,False,False,slow_but_moving
KXMLBTOTAL-26JUN162010DETHOU-4,full_game_total,DET@HOU,DET,HOU,2026-06-15T20:43:42.756674+00:00,2026-06-17T04:11:15.021404+00:00,1106,102.5,48477.1,4,46,91,45,88,45,1078.59,514.51,False,False,False,slow_but_moving
KXMLBTOTAL-26JUN162010DETHOU-6,full_game_total,DET@HOU,DET,HOU,2026-06-15T20:43:42.756674+00:00,2026-06-17T04:11:15.021404+00:00,1106,102.5,48477.1,4,38,75,37,71,37,1078.59,518.51,True,False,True,live_responsive
KXMLBTOTAL-26JUN162005MINTEX-4,full_game_total,MIN@TEX,MIN,TEX,2026-06-15T20:43:42.756674+00:00,2026-06-17T04:11:15.021404+00:00,1106,102.5,48477.1,5,47,92,45,89,45,1073.65,402.01,False,True,False,live_responsive
KXMLBTOTAL-26JUN162005MINTEX-3,full_game_total,MIN@TEX,MIN,TEX,2026-06-15T20:43:42.756674+00:00,2026-06-17T04:11:15.021404+00:00,1106,102.5,48477.1,4,49,97,48,95,48,1078.59,469.08,False,False,False,slow_but_moving
KXMLBTOTAL-26JUN162005MINTEX-7,full_game_total,MIN@TEX,MIN,TEX,2026-06-15T20:43:42.756674+00:00,2026-06-17T04:11:15.021404+00:00,1106,102.5,48477.1,4,35,68,33,68,33,1032.59,429.01,False,False,False,slow_but_moving
KXMLBTOTAL-26JUN162005MINTEX-5,full_game_total,MIN@TEX,MIN,TEX,2026-06-15T20:43:42.756674+00:00,2026-06-17T04:11:15.021404+00:00,1106,102.5,48477.1,4,44,86,42,85,42,1037.53,402.01,False,True,False,live_responsive
KXMLBTOTAL-26JUN162005MINTEX-11,full_game_total,MIN@TEX,MIN,TEX,2026-06-15T20:43:42.756674+00:00,2026-06-17T04:11:15.021404+00:00,1106,102.5,48477.1,4,16,50,34,69,34,1078.59,469.08,True,True,False,live_responsive
KXMLBTOTAL-26JUN162005MINTEX-10,full_game_total,MIN@TEX,MIN,TEX,2026-06-15T20:43:42.756674+00:00,2026-06-17T04:11:15.021404+00:00,1106,102.5,48477.1,4,19,50,31,63,31,1073.65,435.01,True,False,False,live_responsive
KXMLBTOTAL-26JUN162005MINTEX-12,full_game_total,MIN@TEX,MIN,TEX,2026-06-15T20:43:42.756674+00:00,2026-06-17T04:11:15.021404+00:00,1106,102.5,48477.1,5,12,50,38,155,38,1071.65,450.51,True,True,False,live_responsive
KXMLBTOTAL-26JUN162005MINTEX-13,full_game_total,MIN@TEX,MIN,TEX,2026-06-15T20:43:42.756674+00:00,2026-06-17T04:11:15.021404+00:00,1179,96.1,48477.1,4,10,50,40,82,40,1062.65,514.51,False,True,False,live_responsive
KXMLBTOTAL-26JUN162005MINTEX-6,full_game_total,MIN@TEX,MIN,TEX,2026-06-15T20:43:42.756674+00:00,2026-06-17T04:11:15.021404+00:00,1106,102.5,48477.1,4,39,76,37,75,37,1037.53,429.01,False,False,False,slow_but_moving
KXMLBTOTAL-26JUN162005MINTEX-8,full_game_total,MIN@TEX,MIN,TEX,2026-06-15T20:43:42.756674+00:00,2026-06-17T04:11:15.021404+00:00,1106,102.5,48477.1,4,29,56,27,54,27,1073.65,432.51,True,False,False,live_responsive
KXMLBTOTAL-26JUN162005MINTEX-9,full_game_total,MIN@TEX,MIN,TEX,2026-06-15T20:43:42.756674+00:00,2026-06-17T04:11:15.021404+00:00,1106,102.5,48477.1,4,25,50,25,51,25,1073.65,433.01,True,False,False,live_responsive
KXMLBTOTAL-26JUN161945SDSTL-7,full_game_total,SD@STL,SD,STL,2026-06-15T20:43:42.756674+00:00,2026-06-17T04:11:15.021404+00:00,1106,102.5,48477.1,3,50,82,32,64,32,1078.59,509.01,False,True,False,live_responsive
KXMLBTOTAL-26JUN161945SDSTL-9,full_game_total,SD@STL,SD,STL,2026-06-15T20:43:42.756674+00:00,2026-06-17T04:11:15.021404+00:00,1106,102.5,48477.1,4,45,72,27,53,26,1078.59,509.01,False,True,False,live_responsive
KXMLBTOTAL-26JUN161945SDSTL-3,full_game_total,SD@STL,SD,STL,2026-06-15T20:43:42.756674+00:00,2026-06-17T04:11:15.021404+00:00,1106,102.5,48477.1,5,49,97,48,95,48,1073.65,427.01,False,False,False,slow_but_moving
KXMLBTOTAL-26JUN161945SDSTL-5,full_game_total,SD@STL,SD,STL,2026-06-15T20:43:42.756674+00:00,2026-06-17T04:11:15.021404+00:00,1106,102.5,48477.1,5,43,85,42,83,42,1073.65,451.01,False,True,False,live_responsive
KXMLBTOTAL-26JUN161945SDSTL-11,full_game_total,SD@STL,SD,STL,2026-06-15T20:43:42.756674+00:00,2026-06-17T04:11:15.021404+00:00,1106,102.5,48477.1,3,29,64,35,98,35,1077.59,506.51,False,True,False,live_responsive
KXMLBTOTAL-26JUN161945SDSTL-4,full_game_total,SD@STL,SD,STL,2026-06-15T20:43:42.756674+00:00,2026-06-17T04:11:15.021404+00:00,1106,102.5,48477.1,4,46,90,44,87,44,1078.59,469.08,False,True,False,live_responsive
KXMLBTOTAL-26JUN161945SDSTL-8,full_game_total,SD@STL,SD,STL,2026-06-15T20:43:42.756674+00:00,2026-06-17T04:11:15.021404+00:00,1106,102.5,48477.1,4,50,77,27,52,27,1078.59,509.01,False,True,False,live_responsive
KXMLBTOTAL-26JUN161945SDSTL-12,full_game_total,SD@STL,SD,STL,2026-06-15T20:43:42.756674+00:00,2026-06-17T04:11:15.021404+00:00,1106,102.5,48477.1,3,21,60,39,98,39,1077.59,506.51,False,True,False,live_responsive
KXMLBTOTAL-26JUN161945SDSTL-13,full_game_total,SD@STL,SD,STL,2026-06-15T20:43:42.756674+00:00,2026-06-17T04:11:15.021404+00:00,1106,102.5,48477.1,4,15,57,42,83,42,1078.59,494.51,False,True,False,live_responsive
KXMLBTOTAL-26JUN161945SDSTL-6,full_game_total,SD@STL,SD,STL,2026-06-15T20:43:42.756674+00:00,2026-06-17T04:11:15.021404+00:00,1106,102.5,48477.1,4,50,86,36,73,36,1037.53,509.01,False,True,False,live_responsive
KXMLBTOTAL-26JUN161945SDSTL-10,full_game_total,SD@STL,SD,STL,2026-06-15T20:43:42.756674+00:00,2026-06-17T04:11:15.021404+00:00,1106,102.5,48477.1,4,35,67,32,63,31,1078.59,509.01,False,True,False,live_responsive
KXMLBTOTAL-26JUN161940CLEMIL-8,full_game_total,CLE@MIL,CLE,MIL,2026-06-15T20:43:42.756674+00:00,2026-06-17T04:11:15.021404+00:00,1106,102.5,48477.1,4,50,77,27,56,27,1078.59,487.51,False,True,False,live_responsive
KXMLBTOTAL-26JUN161940CLEMIL-4,full_game_total,CLE@MIL,CLE,MIL,2026-06-15T20:43:42.756674+00:00,2026-06-17T04:11:15.021404+00:00,1106,102.5,48477.1,4,50,95,45,92,45,1037.53,487.51,False,True,False,live_responsive
KXMLBTOTAL-26JUN161940CLEMIL-3,full_game_total,CLE@MIL,CLE,MIL,2026-06-15T20:43:42.756674+00:00,2026-06-17T04:11:15.021404+00:00,1573,72.0,48477.1,4,49,97,48,95,47,1045.23,450.59,False,False,False,slow_but_moving
KXMLBTOTAL-26JUN161940CLEMIL-13,full_game_total,CLE@MIL,CLE,MIL,2026-06-15T20:43:42.756674+00:00,2026-06-17T04:11:15.021404+00:00,1106,102.5,48477.1,4,17,58,41,81,41,1078.59,469.08,True,True,False,live_responsive
KXMLBTOTAL-26JUN161940CLEMIL-11,full_game_total,CLE@MIL,CLE,MIL,2026-06-15T20:43:42.756674+00:00,2026-06-17T04:11:15.021404+00:00,1106,102.5,48477.1,4,30,64,34,70,34,1073.65,486.01,False,True,False,live_responsive
KXMLBTOTAL-26JUN161940CLEMIL-12,full_game_total,CLE@MIL,CLE,MIL,2026-06-15T20:43:42.756674+00:00,2026-06-17T04:11:15.021404+00:00,1106,102.5,48477.1,5,22,60,38,76,38,1073.65,487.01,False,True,False,live_responsive
KXMLBTOTAL-26JUN161940CLEMIL-5,full_game_total,CLE@MIL,CLE,MIL,2026-06-15T20:43:42.756674+00:00,2026-06-17T04:11:15.021404+00:00,1106,102.5,48477.1,4,50,92,42,86,42,1032.59,487.51,False,True,False,live_responsive
KXMLBTOTAL-26JUN161940CLEMIL-6,full_game_total,CLE@MIL,CLE,MIL,2026-06-15T20:43:42.756674+00:00,2026-06-17T04:11:15.021404+00:00,1106,102.5,48477.1,4,50,87,37,75,37,1078.59,487.51,False,True,False,live_responsive
KXMLBTOTAL-26JUN161940CLEMIL-9,full_game_total,CLE@MIL,CLE,MIL,2026-06-15T20:43:42.756674+00:00,2026-06-17T04:11:15.021404+00:00,1106,102.5,48477.1,5,46,72,26,51,26,1073.65,487.51,False,True,False,live_responsive
KXMLBTOTAL-26JUN161940CLEMIL-10,full_game_total,CLE@MIL,CLE,MIL,2026-06-15T20:43:42.756674+00:00,2026-06-17T04:11:15.021404+00:00,1106,102.5,48477.1,4,36,67,31,60,31,1078.59,487.51,False,True,False,live_responsive
KXMLBTOTAL-26JUN161940CLEMIL-7,full_game_total,CLE@MIL,CLE,MIL,2026-06-15T20:43:42.756674+00:00,2026-06-17T04:11:15.021404+00:00,1106,102.5,48477.1,3,50,83,33,66,33,1078.59,487.51,False,True,False,live_responsive
KXMLBTOTAL-26JUN161915SFATL-10,full_game_total,SF@ATL,SF,ATL,2026-06-15T20:43:42.756674+00:00,2026-06-17T04:11:15.021404+00:00,1106,102.5,48477.1,2,43,50,7,7,7,1079.59,610.51,False,False,False,stale
KXMLBTOTAL-26JUN161915SFATL-4,full_game_total,SF@ATL,SF,ATL,2026-06-15T20:43:42.756674+00:00,2026-06-17T04:11:15.021404+00:00,1106,102.5,48477.1,4,48,93,45,46,43,1074.15,354.51,False,False,False,slow_but_moving
KXMLBTOTAL-26JUN161915SFATL-9,full_game_total,SF@ATL,SF,ATL,2026-06-15T20:43:42.756674+00:00,2026-06-17T04:11:15.021404+00:00,1106,102.5,48477.1,2,50,54,4,4,4,1079.59,610.51,False,False,False,stale
KXMLBTOTAL-26JUN161915SFATL-12,full_game_total,SF@ATL,SF,ATL,2026-06-15T20:43:42.756674+00:00,2026-06-17T04:11:15.021404+00:00,1106,102.5,48477.1,3,27,50,23,24,23,1074.65,610.51,False,False,False,slow_but_moving
KXMLBTOTAL-26JUN161915SFATL-13,full_game_total,SF@ATL,SF,ATL,2026-06-15T20:43:42.756674+00:00,2026-06-17T04:11:15.021404+00:00,1106,102.5,48477.1,3,22,50,28,29,28,1074.65,610.51,False,False,False,slow_but_moving
KXMLBTOTAL-26JUN161915SFATL-7,full_game_total,SF@ATL,SF,ATL,2026-06-15T20:43:42.756674+00:00,2026-06-17T04:11:15.021404+00:00,1106,102.5,48477.1,2,50,73,23,23,23,1079.59,610.51,False,False,False,stale
KXMLBTOTAL-26JUN161915SFATL-11,full_game_total,SF@ATL,SF,ATL,2026-06-15T20:43:42.756674+00:00,2026-06-17T04:11:15.021404+00:00,1106,102.5,48477.1,2,37,50,13,13,13,1079.59,610.51,False,False,False,stale
KXMLBTOTAL-26JUN161915SFATL-8,full_game_total,SF@ATL,SF,ATL,2026-06-15T20:43:42.756674+00:00,2026-06-17T04:11:15.021404+00:00,1106,102.5,48477.1,3,50,63,13,14,13,1074.65,610.51,False,False,False,slow_but_moving
KXMLBTOTAL-26JUN161915SFATL-14,full_game_total,SF@ATL,SF,ATL,2026-06-15T20:43:42.756674+00:00,2026-06-17T04:11:15.021404+00:00,1106,102.5,48477.1,3,16,50,34,35,34,1074.65,610.51,False,False,False,slow_but_moving
KXMLBTOTAL-26JUN161915SFATL-5,full_game_total,SF@ATL,SF,ATL,2026-06-15T20:43:42.756674+00:00,2026-06-17T04:11:15.021404+00:00,1106,102.5,48477.1,5,46,90,44,46,40,1033.09,354.51,False,False,False,slow_but_moving
KXMLBTOTAL-26JUN161915SFATL-6,full_game_total,SF@ATL,SF,ATL,2026-06-15T20:43:42.756674+00:00,2026-06-17T04:11:15.021404+00:00,1106,102.5,48477.1,4,41,81,40,50,30,1032.59,493.01,False,False,False,slow_but_moving
KXMLBTOTAL-26JUN161905CWSNYY-8,full_game_total,CWS@NYY,CWS,NYY,2026-06-15T20:43:42.756674+00:00,2026-06-17T04:11:15.021404+00:00,1106,102.5,48477.1,4,27,52,25,50,25,1073.65,376.51,False,True,False,live_responsive
KXMLBTOTAL-26JUN161905CWSNYY-2,full_game_total,CWS@NYY,CWS,NYY,2026-06-15T20:43:42.756674+00:00,2026-06-17T04:11:15.021404+00:00,1106,102.5,48477.1,3,50,98,48,95,48,1079.09,489.51,False,False,False,slow_but_moving
KXMLBTOTAL-26JUN161905CWSNYY-4,full_game_total,CWS@NYY,CWS,NYY,2026-06-15T20:43:42.756674+00:00,2026-06-17T04:11:15.021404+00:00,1106,102.5,48477.1,4,45,89,44,89,44,1032.59,352.51,False,True,False,live_responsive
KXMLBTOTAL-26JUN161905CWSNYY-7,full_game_total,CWS@NYY,CWS,NYY,2026-06-15T20:43:42.756674+00:00,2026-06-17T04:11:15.021404+00:00,1106,102.5,48477.1,4,33,64,31,60,31,1078.59,469.08,False,True,False,live_responsive
KXMLBTOTAL-26JUN161905CWSNYY-10,full_game_total,CWS@NYY,CWS,NYY,2026-06-15T20:43:42.756674+00:00,2026-06-17T04:11:15.021404+00:00,1106,102.5,48477.1,4,17,50,33,67,33,1078.59,469.08,True,True,False,live_responsive
KXMLBTOTAL-26JUN161905CWSNYY-9,full_game_total,CWS@NYY,CWS,NYY,2026-06-15T20:43:42.756674+00:00,2026-06-17T04:11:15.021404+00:00,1106,102.5,48477.1,4,22,50,28,57,28,1078.59,469.08,True,True,False,live_responsive
KXMLBTOTAL-26JUN161905CWSNYY-11,full_game_total,CWS@NYY,CWS,NYY,2026-06-15T20:43:42.756674+00:00,2026-06-17T04:11:15.021404+00:00,1106,102.5,48477.1,4,14,50,36,74,36,1078.59,469.08,True,False,False,live_responsive
KXMLBTOTAL-26JUN161905CWSNYY-3,full_game_total,CWS@NYY,CWS,NYY,2026-06-15T20:43:42.756674+00:00,2026-06-17T04:11:15.021404+00:00,1106,102.5,48477.1,4,49,96,47,95,47,1037.53,332.51,False,False,False,slow_but_moving
KXMLBTOTAL-26JUN161905CWSNYY-12,full_game_total,CWS@NYY,CWS,NYY,2026-06-15T20:43:42.756674+00:00,2026-06-17T04:11:15.021404+00:00,1106,102.5,48477.1,4,10,50,40,82,40,1073.65,391.51,True,False,False,live_responsive
KXMLBTOTAL-26JUN161905CWSNYY-5,full_game_total,CWS@NYY,CWS,NYY,2026-06-15T20:43:42.756674+00:00,2026-06-17T04:11:15.021404+00:00,1106,102.5,48477.1,5,43,84,41,82,41,1073.65,361.01,True,False,False,live_responsive
KXMLBTOTAL-26JUN161905CWSNYY-6,full_game_total,CWS@NYY,CWS,NYY,2026-06-15T20:43:42.756674+00:00,2026-06-17T04:11:15.021404+00:00,1106,102.5,48477.1,4,37,72,35,69,35,1078.59,469.08,True,False,False,live_responsive
KXMLBTOTAL-26JUN161840MIAPHI-7,full_game_total,MIA@PHI,MIA,PHI,2026-06-15T20:43:42.756674+00:00,2026-06-17T04:11:15.021404+00:00,1106,102.5,48477.1,5,35,68,33,65,33,1032.59,323.0,True,True,False,live_responsive
KXMLBTOTAL-26JUN161840MIAPHI-12,full_game_total,MIA@PHI,MIA,PHI,2026-06-15T20:43:42.756674+00:00,2026-06-17T04:11:15.021404+00:00,1106,102.5,48477.1,4,21,60,39,79,38,1032.59,424.01,False,True,False,live_responsive
KXMLBTOTAL-26JUN161840MIAPHI-5,full_game_total,MIA@PHI,MIA,PHI,2026-06-15T20:43:42.756674+00:00,2026-06-17T04:11:15.021404+00:00,1106,102.5,48477.1,4,43,85,42,83,42,1078.59,469.08,False,True,False,live_responsive
KXMLBTOTAL-26JUN161840MIAPHI-10,full_game_total,MIA@PHI,MIA,PHI,2026-06-15T20:43:42.756674+00:00,2026-06-17T04:11:15.021404+00:00,1106,102.5,48477.1,4,19,50,31,64,31,1078.59,469.08,True,True,False,live_responsive
KXMLBTOTAL-26JUN161840MIAPHI-11,full_game_total,MIA@PHI,MIA,PHI,2026-06-15T20:43:42.756674+00:00,2026-06-17T04:11:15.021404+00:00,1106,102.5,48477.1,4,29,64,35,69,34,1078.59,469.08,False,True,False,live_responsive
KXMLBTOTAL-26JUN161840MIAPHI-8,full_game_total,MIA@PHI,MIA,PHI,2026-06-15T20:43:42.756674+00:00,2026-06-17T04:11:15.021404+00:00,1106,102.5,48477.1,4,29,57,28,53,28,1078.59,469.08,False,True,False,live_responsive
KXMLBTOTAL-26JUN161840MIAPHI-13,full_game_total,MIA@PHI,MIA,PHI,2026-06-15T20:43:42.756674+00:00,2026-06-17T04:11:15.021404+00:00,1106,102.5,48477.1,4,16,58,42,83,41,1078.59,469.08,False,True,False,live_responsive
KXMLBTOTAL-26JUN161840MIAPHI-3,full_game_total,MIA@PHI,MIA,PHI,2026-06-15T20:43:42.756674+00:00,2026-06-17T04:11:15.021404+00:00,1106,102.5,48477.1,3,50,98,48,94,48,1079.09,469.08,False,False,False,slow_but_moving
KXMLBTOTAL-26JUN161840MIAPHI-4,full_game_total,MIA@PHI,MIA,PHI,2026-06-15T20:43:42.756674+00:00,2026-06-17T04:11:15.021404+00:00,1106,102.5,48477.1,4,46,91,45,96,45,1077.59,469.08,True,True,False,live_responsive
KXMLBTOTAL-26JUN161840MIAPHI-6,full_game_total,MIA@PHI,MIA,PHI,2026-06-15T20:43:42.756674+00:00,2026-06-17T04:11:15.021404+00:00,1106,102.5,48477.1,4,39,76,37,72,37,1078.59,469.08,True,True,False,live_responsive
KXMLBTOTAL-26JUN161840MIAPHI-9,full_game_total,MIA@PHI,MIA,PHI,2026-06-15T20:43:42.756674+00:00,2026-06-17T04:11:15.021404+00:00,1106,102.5,48477.1,6,25,50,25,79,25,1066.15,374.01,False,True,False,live_responsive
KXMLBTOTAL-26JUN162005COLCHC-5,full_game_total,COL@CHC,COL,CHC,2026-06-16T19:40:54.767936+00:00,2026-06-17T04:11:15.021404+00:00,952,32.2,1572.0,3,47,92,45,48,45,509.34,317.84,True,True,False,live_responsive
KXMLBTOTAL-26JUN162005COLCHC-6,full_game_total,COL@CHC,COL,CHC,2026-06-16T19:40:54.767936+00:00,2026-06-17T04:11:15.021404+00:00,952,32.2,1572.0,3,43,85,42,49,42,509.34,353.34,False,False,False,slow_but_moving
KXMLBTOTAL-26JUN162005COLCHC-4,full_game_total,COL@CHC,COL,CHC,2026-06-16T19:40:54.767936+00:00,2026-06-17T04:11:15.021404+00:00,952,32.2,1572.0,3,49,96,47,48,47,509.34,317.84,False,False,False,slow_but_moving
KXMLBTOTAL-26JUN162005COLCHC-11,full_game_total,COL@CHC,COL,CHC,2026-06-16T19:40:54.767936+00:00,2026-06-17T04:11:15.021404+00:00,952,32.2,1572.0,3,45,72,27,49,27,509.34,438.34,False,True,False,live_responsive
KXMLBTOTAL-26JUN162005COLCHC-12,full_game_total,COL@CHC,COL,CHC,2026-06-16T19:40:54.767936+00:00,2026-06-17T04:11:15.021404+00:00,952,32.2,1572.0,3,34,66,32,48,32,509.34,438.34,False,True,False,live_responsive
KXMLBTOTAL-26JUN162005COLCHC-9,full_game_total,COL@CHC,COL,CHC,2026-06-16T19:40:54.767936+00:00,2026-06-17T04:11:15.021404+00:00,952,32.2,1572.0,3,50,81,31,49,31,509.34,438.34,False,True,False,live_responsive
KXMLBTOTAL-26JUN162005COLCHC-7,full_game_total,COL@CHC,COL,CHC,2026-06-16T19:40:54.767936+00:00,2026-06-17T04:11:15.021404+00:00,952,32.2,1572.0,3,40,78,38,48,38,509.34,354.34,True,False,False,live_responsive
KXMLBTOTAL-26JUN162005COLCHC-8,full_game_total,COL@CHC,COL,CHC,2026-06-16T19:40:54.767936+00:00,2026-06-17T04:11:15.021404+00:00,952,32.2,1572.0,3,50,83,33,48,33,509.34,438.34,False,True,False,live_responsive
KXMLBTOTAL-26JUN162005COLCHC-14,full_game_total,COL@CHC,COL,CHC,2026-06-16T19:40:54.767936+00:00,2026-06-17T04:11:15.021404+00:00,952,32.2,1572.0,3,21,60,39,49,39,509.34,438.34,False,True,False,live_responsive
KXMLBTOTAL-26JUN162005COLCHC-13,full_game_total,COL@CHC,COL,CHC,2026-06-16T19:40:54.767936+00:00,2026-06-17T04:11:15.021404+00:00,952,32.2,1572.0,3,28,63,35,74,35,508.34,436.34,False,True,False,live_responsive
KXMLBTOTAL-26JUN162005COLCHC-10,full_game_total,COL@CHC,COL,CHC,2026-06-16T19:40:54.767936+00:00,2026-06-17T04:11:15.021404+00:00,952,32.2,1572.0,3,50,75,25,48,25,509.34,438.34,False,True,False,live_responsive
KXMLBTOTAL-26JUN161910NYMCIN-6,full_game_total,NYM@CIN,NYM,CIN,2026-06-16T19:40:54.767936+00:00,2026-06-17T04:11:15.021404+00:00,952,32.2,1572.0,3,43,85,42,49,42,509.34,306.34,False,True,False,live_responsive
KXMLBTOTAL-26JUN161910NYMCIN-4,full_game_total,NYM@CIN,NYM,CIN,2026-06-16T19:40:54.767936+00:00,2026-06-17T04:11:15.021404+00:00,952,32.2,1572.0,3,49,96,47,48,47,509.34,228.83,False,False,False,slow_but_moving
KXMLBTOTAL-26JUN161910NYMCIN-5,full_game_total,NYM@CIN,NYM,CIN,2026-06-16T19:40:54.767936+00:00,2026-06-17T04:11:15.021404+00:00,952,32.2,1572.0,3,47,92,45,48,45,509.34,251.33,False,True,False,live_responsive
KXMLBTOTAL-26JUN161910NYMCIN-14,full_game_total,NYM@CIN,NYM,CIN,2026-06-16T19:40:54.767936+00:00,2026-06-17T04:11:15.021404+00:00,952,32.2,1572.0,3,22,60,38,48,38,509.34,376.84,False,True,False,live_responsive
KXMLBTOTAL-26JUN161910NYMCIN-13,full_game_total,NYM@CIN,NYM,CIN,2026-06-16T19:40:54.767936+00:00,2026-06-17T04:11:15.021404+00:00,952,32.2,1572.0,3,29,64,35,49,35,509.34,382.84,False,True,False,live_responsive
KXMLBTOTAL-26JUN161910NYMCIN-11,full_game_total,NYM@CIN,NYM,CIN,2026-06-16T19:40:54.767936+00:00,2026-06-17T04:11:15.021404+00:00,952,32.2,1572.0,3,44,71,27,48,27,509.34,382.84,False,True,False,live_responsive
KXMLBTOTAL-26JUN161910NYMCIN-7,full_game_total,NYM@CIN,NYM,CIN,2026-06-16T19:40:54.767936+00:00,2026-06-17T04:11:15.021404+00:00,952,32.2,1572.0,3,40,79,39,49,39,509.34,322.34,False,True,False,live_responsive
KXMLBTOTAL-26JUN161910NYMCIN-12,full_game_total,NYM@CIN,NYM,CIN,2026-06-16T19:40:54.767936+00:00,2026-06-17T04:11:15.021404+00:00,952,32.2,1572.0,3,35,67,32,49,32,509.34,382.84,False,True,False,live_responsive
KXMLBTOTAL-26JUN161910NYMCIN-10,full_game_total,NYM@CIN,NYM,CIN,2026-06-16T19:40:54.767936+00:00,2026-06-17T04:11:15.021404+00:00,952,32.2,1572.0,3,50,75,25,48,25,509.34,382.84,False,True,False,live_responsive
KXMLBTOTAL-26JUN161910NYMCIN-8,full_game_total,NYM@CIN,NYM,CIN,2026-06-16T19:40:54.767936+00:00,2026-06-17T04:11:15.021404+00:00,952,32.2,1572.0,3,36,70,34,48,34,509.34,322.34,False,True,False,live_responsive
KXMLBTOTAL-26JUN161910NYMCIN-9,full_game_total,NYM@CIN,NYM,CIN,2026-06-16T19:40:54.767936+00:00,2026-06-17T04:11:15.021404+00:00,952,32.2,1572.0,3,50,81,31,49,31,509.34,382.84,False,True,False,live_responsive
KXMLBTOTAL-26JUN161845TORBOS-3,full_game_total,TOR@BOS,TOR,BOS,2026-06-16T19:40:54.767936+00:00,2026-06-17T04:11:15.021404+00:00,952,32.2,1572.0,3,48,95,47,49,47,509.34,268.83,True,True,False,live_responsive
KXMLBTOTAL-26JUN161845TORBOS-2,full_game_total,TOR@BOS,TOR,BOS,2026-06-16T19:40:54.767936+00:00,2026-06-17T04:11:15.021404+00:00,952,32.2,1572.0,3,49,97,48,49,48,509.34,267.33,False,False,False,slow_but_moving
KXMLBTOTAL-26JUN161845TORBOS-4,full_game_total,TOR@BOS,TOR,BOS,2026-06-16T19:40:54.767936+00:00,2026-06-17T04:11:15.021404+00:00,952,32.2,1572.0,3,45,88,43,48,43,509.34,293.84,False,True,False,live_responsive
KXMLBTOTAL-26JUN161845TORBOS-7,full_game_total,TOR@BOS,TOR,BOS,2026-06-16T19:40:54.767936+00:00,2026-06-17T04:11:15.021404+00:00,952,32.2,1572.0,3,31,61,30,49,30,509.34,346.84,False,True,False,live_responsive
KXMLBTOTAL-26JUN161845TORBOS-6,full_game_total,TOR@BOS,TOR,BOS,2026-06-16T19:40:54.767936+00:00,2026-06-17T04:11:15.021404+00:00,952,32.2,1572.0,3,36,70,34,48,34,509.34,346.84,False,True,False,live_responsive
KXMLBTOTAL-26JUN161845TORBOS-12,full_game_total,TOR@BOS,TOR,BOS,2026-06-16T19:40:54.767936+00:00,2026-06-17T04:11:15.021404+00:00,952,32.2,1572.0,3,17,58,41,65,41,508.34,346.84,True,True,False,live_responsive
KXMLBTOTAL-26JUN161845TORBOS-11,full_game_total,TOR@BOS,TOR,BOS,2026-06-16T19:40:54.767936+00:00,2026-06-17T04:11:15.021404+00:00,952,32.2,1572.0,3,25,62,37,73,37,508.34,353.34,True,True,False,live_responsive
KXMLBTOTAL-26JUN161845TORBOS-8,full_game_total,TOR@BOS,TOR,BOS,2026-06-16T19:40:54.767936+00:00,2026-06-17T04:11:15.021404+00:00,952,32.2,1572.0,3,48,73,25,48,25,509.34,356.84,True,True,False,live_responsive
KXMLBTOTAL-26JUN161845TORBOS-9,full_game_total,TOR@BOS,TOR,BOS,2026-06-16T19:40:54.767936+00:00,2026-06-17T04:11:15.021404+00:00,952,32.2,1572.0,3,41,70,29,49,29,509.34,356.84,True,True,False,live_responsive
KXMLBTOTAL-26JUN161845TORBOS-5,full_game_total,TOR@BOS,TOR,BOS,2026-06-16T19:40:54.767936+00:00,2026-06-17T04:11:15.021404+00:00,952,32.2,1572.0,3,42,82,40,48,40,509.34,328.84,False,True,False,live_responsive
KXMLBTOTAL-26JUN161845TORBOS-10,full_game_total,TOR@BOS,TOR,BOS,2026-06-16T19:40:54.767936+00:00,2026-06-17T04:11:15.021404+00:00,952,32.2,1572.0,3,31,65,34,49,34,509.34,356.84,True,True,False,live_responsive
KXMLBGAME-26JUN162210TBLAD-LAD,moneyline,TB@LAD,TB,LAD,2026-06-15T01:41:28.199502+00:00,2026-06-17T04:11:15.021404+00:00,1165,156.2,54047.8,6,30,58,28,59,28,1274.04,601.01,False,True,False,live_responsive
KXMLBGAME-26JUN162210TBLAD-TB,moneyline,TB@LAD,TB,LAD,2026-06-15T01:41:28.199502+00:00,2026-06-17T04:11:15.021404+00:00,1165,156.2,54047.8,5,42,70,28,60,28,1309.04,601.01,False,True,False,live_responsive
KXMLBGAME-26JUN162140PITATH-ATH,moneyline,PIT@ATH,PIT,ATH,2026-06-15T01:41:28.199502+00:00,2026-06-17T04:11:15.021404+00:00,1165,156.2,54047.8,4,50,55,5,7,4,1275.04,610.51,False,False,False,slow_but_moving
KXMLBGAME-26JUN162140PITATH-PIT,moneyline,PIT@ATH,PIT,ATH,2026-06-15T01:41:28.199502+00:00,2026-06-17T04:11:15.021404+00:00,1165,156.2,54047.8,3,45,50,5,7,5,1316.09,610.51,False,False,False,slow_but_moving
KXMLBGAME-26JUN162140LAAAZ-AZ,moneyline,LAA@AZ,LAA,AZ,2026-06-15T01:41:28.199502+00:00,2026-06-17T04:11:15.021404+00:00,1165,156.2,54047.8,4,50,74,24,27,24,2215.28,1136.19,False,True,False,live_responsive
KXMLBGAME-26JUN162140LAAAZ-LAA,moneyline,LAA@AZ,LAA,AZ,2026-06-15T01:41:28.199502+00:00,2026-06-17T04:11:15.021404+00:00,1165,156.2,54047.8,4,25,50,25,32,25,1314.48,581.51,False,True,False,live_responsive
KXMLBGAME-26JUN162140BALSEA-BAL,moneyline,BAL@SEA,BAL,SEA,2026-06-15T01:41:28.199502+00:00,2026-06-17T04:11:15.021404+00:00,1165,156.2,54047.8,5,41,70,29,59,29,1313.98,598.01,False,True,False,live_responsive
KXMLBGAME-26JUN162140BALSEA-SEA,moneyline,BAL@SEA,BAL,SEA,2026-06-15T01:41:28.199502+00:00,2026-06-17T04:11:15.021404+00:00,1165,156.2,54047.8,5,30,58,28,57,28,1313.98,598.01,False,True,False,live_responsive
KXMLBGAME-26JUN162010DETHOU-DET,moneyline,DET@HOU,DET,HOU,2026-06-15T01:41:28.199502+00:00,2026-06-17T04:11:15.021404+00:00,1165,156.2,54047.8,6,38,68,30,59,30,1315.09,531.01,False,True,False,live_responsive
KXMLBGAME-26JUN162010DETHOU-HOU,moneyline,DET@HOU,DET,HOU,2026-06-15T01:41:28.199502+00:00,2026-06-17T04:11:15.021404+00:00,1165,156.2,54047.8,5,32,62,30,57,30,1320.03,700.23,False,True,False,live_responsive
KXMLBGAME-26JUN162005MINTEX-MIN,moneyline,MIN@TEX,MIN,TEX,2026-06-15T01:41:28.199502+00:00,2026-06-17T04:11:15.021404+00:00,1165,156.2,54047.8,4,23,50,27,55,27,2220.83,1611.32,True,True,False,live_responsive
KXMLBGAME-26JUN162005MINTEX-TEX,moneyline,MIN@TEX,MIN,TEX,2026-06-15T01:41:28.199502+00:00,2026-06-17T04:11:15.021404+00:00,1165,156.2,54047.8,5,50,76,26,57,26,1313.98,469.08,True,True,False,live_responsive
KXMLBGAME-26JUN162005COLCHC-COL,moneyline,COL@CHC,COL,CHC,2026-06-15T01:41:28.199502+00:00,2026-06-17T04:11:15.021404+00:00,1165,156.2,54047.8,5,18,50,32,68,32,1267.99,536.01,False,True,False,live_responsive
KXMLBGAME-26JUN162005COLCHC-CHC,moneyline,COL@CHC,COL,CHC,2026-06-15T01:41:28.199502+00:00,2026-06-17T04:11:15.021404+00:00,1165,156.2,54047.8,5,50,81,31,65,31,2209.84,1136.19,False,True,False,live_responsive
KXMLBGAME-26JUN161945SDSTL-SD,moneyline,SD@STL,SD,STL,2026-06-15T01:41:28.199502+00:00,2026-06-17T04:11:15.021404+00:00,1165,156.2,54047.8,5,47,73,26,55,26,1313.98,509.01,False,True,False,live_responsive
KXMLBGAME-26JUN161945SDSTL-STL,moneyline,SD@STL,SD,STL,2026-06-15T01:41:28.199502+00:00,2026-06-17T04:11:15.021404+00:00,1165,156.2,54047.8,4,27,52,25,51,25,1313.98,509.01,False,True,False,live_responsive
KXMLBGAME-26JUN161940CLEMIL-MIL,moneyline,CLE@MIL,CLE,MIL,2026-06-15T01:41:28.199502+00:00,2026-06-17T04:11:15.021404+00:00,1165,156.2,54047.8,5,30,59,29,57,28,1320.03,700.23,False,True,False,live_responsive
KXMLBGAME-26JUN161940CLEMIL-CLE,moneyline,CLE@MIL,CLE,MIL,2026-06-15T01:41:28.199502+00:00,2026-06-17T04:11:15.021404+00:00,1165,156.2,54047.8,5,39,70,31,60,29,1320.03,700.23,False,True,False,live_responsive
KXMLBGAME-26JUN161915SFATL-ATL,moneyline,SF@ATL,SF,ATL,2026-06-15T01:41:28.199502+00:00,2026-06-17T04:11:15.021404+00:00,1165,156.2,54047.8,4,50,60,10,12,9,2174.72,1136.19,False,False,False,slow_but_moving
KXMLBGAME-26JUN161915SFATL-SF,moneyline,SF@ATL,SF,ATL,2026-06-15T01:41:28.199502+00:00,2026-06-17T04:11:15.021404+00:00,1165,156.2,54047.8,4,39,50,11,13,10,1316.09,610.51,False,False,False,slow_but_moving
KXMLBGAME-26JUN161910NYMCIN-CIN,moneyline,NYM@CIN,NYM,CIN,2026-06-15T01:41:28.199502+00:00,2026-06-17T04:11:15.021404+00:00,1165,156.2,54047.8,5,24,50,26,54,26,2214.78,1136.19,False,True,False,live_responsive
KXMLBGAME-26JUN161910NYMCIN-NYM,moneyline,NYM@CIN,NYM,CIN,2026-06-15T01:41:28.199502+00:00,2026-06-17T04:11:15.021404+00:00,1165,156.2,54047.8,5,50,75,25,55,25,1309.04,483.01,False,True,False,live_responsive
KXMLBGAME-26JUN161905CWSNYY-NYY,moneyline,CWS@NYY,CWS,NYY,2026-06-15T01:41:28.199502+00:00,2026-06-17T04:11:15.021404+00:00,1165,156.2,54047.8,4,29,57,28,55,28,2220.83,1611.32,True,False,False,live_responsive
KXMLBGAME-26JUN161905CWSNYY-CWS,moneyline,CWS@NYY,CWS,NYY,2026-06-15T01:41:28.199502+00:00,2026-06-17T04:11:15.021404+00:00,1165,156.2,54047.8,3,43,71,28,56,28,2220.83,1611.32,True,False,False,live_responsive
KXMLBGAME-26JUN161845TORBOS-TOR,moneyline,TOR@BOS,TOR,BOS,2026-06-15T01:41:28.199502+00:00,2026-06-17T04:11:15.021404+00:00,1165,156.2,54047.8,4,26,52,26,101,25,2120.93,1725.04,True,True,False,live_responsive
KXMLBGAME-26JUN161845TORBOS-BOS,moneyline,TOR@BOS,TOR,BOS,2026-06-15T01:41:28.199502+00:00,2026-06-17T04:11:15.021404+00:00,1165,156.2,54047.8,4,48,73,25,95,25,2219.83,1611.32,True,True,False,live_responsive
KXMLBGAME-26JUN161840MIAPHI-PHI,moneyline,MIA@PHI,MIA,PHI,2026-06-15T01:41:28.199502+00:00,2026-06-17T04:11:15.021404+00:00,1165,156.2,54047.8,5,32,62,30,97,30,2213.78,1136.19,True,True,False,live_responsive
KXMLBGAME-26JUN161840MIAPHI-MIA,moneyline,MIA@PHI,MIA,PHI,2026-06-15T01:41:28.199502+00:00,2026-06-17T04:11:15.021404+00:00,1165,156.2,54047.8,6,38,68,30,101,30,1308.04,349.01,True,True,False,live_responsive
KXMLBSPREAD-26JUN162210TBLAD-TB3,spread_run_line,TB@LAD,TB,LAD,2026-06-15T20:43:42.756674+00:00,2026-06-17T04:11:15.021404+00:00,1106,102.5,48477.1,5,21,60,39,78,39,1073.65,601.01,False,True,False,live_responsive
KXMLBSPREAD-26JUN162210TBLAD-TB4,spread_run_line,TB@LAD,TB,LAD,2026-06-15T20:43:42.756674+00:00,2026-06-17T04:11:15.021404+00:00,1106,102.5,48477.1,5,14,56,42,84,42,1032.59,600.51,False,True,False,live_responsive
KXMLBSPREAD-26JUN162210TBLAD-LAD3,spread_run_line,TB@LAD,TB,LAD,2026-06-15T20:43:42.756674+00:00,2026-06-17T04:11:15.021404+00:00,1106,102.5,48477.1,4,28,63,35,71,35,1073.65,595.51,False,True,False,live_responsive
KXMLBSPREAD-26JUN162210TBLAD-TB2,spread_run_line,TB@LAD,TB,LAD,2026-06-15T20:43:42.756674+00:00,2026-06-17T04:11:15.021404+00:00,1106,102.5,48477.1,5,30,64,34,68,34,1073.65,601.01,False,True,False,live_responsive
KXMLBSPREAD-26JUN162210TBLAD-LAD2,spread_run_line,TB@LAD,TB,LAD,2026-06-15T20:43:42.756674+00:00,2026-06-17T04:11:15.021404+00:00,1106,102.5,48477.1,4,38,69,31,62,30,1073.65,600.51,False,True,False,live_responsive
KXMLBSPREAD-26JUN162210TBLAD-LAD4,spread_run_line,TB@LAD,TB,LAD,2026-06-15T20:43:42.756674+00:00,2026-06-17T04:11:15.021404+00:00,1106,102.5,48477.1,4,20,59,39,79,39,1073.65,595.01,False,True,False,live_responsive
KXMLBSPREAD-26JUN162140PITATH-PIT4,spread_run_line,PIT@ATH,PIT,ATH,2026-06-15T20:43:42.756674+00:00,2026-06-17T04:11:15.021404+00:00,1106,102.5,48477.1,2,20,50,30,30,30,1079.59,610.51,False,False,False,stale
KXMLBSPREAD-26JUN162140PITATH-PIT2,spread_run_line,PIT@ATH,PIT,ATH,2026-06-15T20:43:42.756674+00:00,2026-06-17T04:11:15.021404+00:00,1106,102.5,48477.1,3,35,50,15,16,15,1074.65,610.51,False,False,False,slow_but_moving
KXMLBSPREAD-26JUN162140PITATH-PIT3,spread_run_line,PIT@ATH,PIT,ATH,2026-06-15T20:43:42.756674+00:00,2026-06-17T04:11:15.021404+00:00,1106,102.5,48477.1,2,27,50,23,23,23,1079.59,610.51,False,False,False,stale
KXMLBSPREAD-26JUN162140PITATH-ATH4,spread_run_line,PIT@ATH,PIT,ATH,2026-06-15T20:43:42.756674+00:00,2026-06-17T04:11:15.021404+00:00,1106,102.5,48477.1,2,22,50,28,28,28,1079.59,610.51,False,False,False,stale
KXMLBSPREAD-26JUN162140PITATH-ATH2,spread_run_line,PIT@ATH,PIT,ATH,2026-06-15T20:43:42.756674+00:00,2026-06-17T04:11:15.021404+00:00,1106,102.5,48477.1,3,37,50,13,14,13,1074.65,610.51,False,False,False,slow_but_moving
KXMLBSPREAD-26JUN162140PITATH-ATH3,spread_run_line,PIT@ATH,PIT,ATH,2026-06-15T20:43:42.756674+00:00,2026-06-17T04:11:15.021404+00:00,1106,102.5,48477.1,2,28,50,22,22,22,1079.59,610.51,False,False,False,stale
KXMLBSPREAD-26JUN162140LAAAZ-AZ2,spread_run_line,LAA@AZ,LAA,AZ,2026-06-15T20:43:42.756674+00:00,2026-06-17T04:11:15.021404+00:00,1106,102.5,48477.1,4,33,66,33,66,17,1073.15,559.51,True,True,False,live_responsive
KXMLBSPREAD-26JUN162140LAAAZ-LAA3,spread_run_line,LAA@AZ,LAA,AZ,2026-06-15T20:43:42.756674+00:00,2026-06-17T04:11:15.021404+00:00,1106,102.5,48477.1,4,15,50,35,60,35,1074.15,605.01,False,True,False,live_responsive
KXMLBSPREAD-26JUN162140LAAAZ-LAA2,spread_run_line,LAA@AZ,LAA,AZ,2026-06-15T20:43:42.756674+00:00,2026-06-17T04:11:15.021404+00:00,1106,102.5,48477.1,4,19,50,31,46,31,1074.15,591.01,True,True,False,live_responsive
KXMLBSPREAD-26JUN162140LAAAZ-AZ4,spread_run_line,LAA@AZ,LAA,AZ,2026-06-15T20:43:42.756674+00:00,2026-06-17T04:11:15.021404+00:00,1106,102.5,48477.1,4,16,57,41,56,34,1073.15,535.01,False,True,False,live_responsive
KXMLBSPREAD-26JUN162140LAAAZ-LAA4,spread_run_line,LAA@AZ,LAA,AZ,2026-06-15T20:43:42.756674+00:00,2026-06-17T04:11:15.021404+00:00,1106,102.5,48477.1,4,11,50,39,71,39,1074.15,609.51,False,True,False,live_responsive
KXMLBSPREAD-26JUN162140LAAAZ-AZ3,spread_run_line,LAA@AZ,LAA,AZ,2026-06-15T20:43:42.756674+00:00,2026-06-17T04:11:15.021404+00:00,1106,102.5,48477.1,4,24,61,37,38,26,1074.15,547.01,False,True,False,live_responsive
KXMLBSPREAD-26JUN162140BALSEA-SEA3,spread_run_line,BAL@SEA,BAL,SEA,2026-06-15T20:43:42.756674+00:00,2026-06-17T04:11:15.021404+00:00,1106,102.5,48477.1,4,28,63,35,71,35,1073.65,588.01,False,True,False,live_responsive
KXMLBSPREAD-26JUN162140BALSEA-SEA4,spread_run_line,BAL@SEA,BAL,SEA,2026-06-15T20:43:42.756674+00:00,2026-06-17T04:11:15.021404+00:00,1106,102.5,48477.1,5,19,59,40,81,39,1073.65,588.01,False,True,False,live_responsive
KXMLBSPREAD-26JUN162140BALSEA-BAL4,spread_run_line,BAL@SEA,BAL,SEA,2026-06-15T20:43:42.756674+00:00,2026-06-17T04:11:15.021404+00:00,1106,102.5,48477.1,5,13,56,43,110,43,1071.65,565.01,True,True,False,live_responsive
KXMLBSPREAD-26JUN162140BALSEA-BAL2,spread_run_line,BAL@SEA,BAL,SEA,2026-06-15T20:43:42.756674+00:00,2026-06-17T04:11:15.021404+00:00,1106,102.5,48477.1,4,29,64,35,99,35,1072.65,573.01,True,True,False,live_responsive
KXMLBSPREAD-26JUN162140BALSEA-BAL3,spread_run_line,BAL@SEA,BAL,SEA,2026-06-15T20:43:42.756674+00:00,2026-06-17T04:11:15.021404+00:00,1106,102.5,48477.1,4,20,59,39,95,39,1077.59,587.51,False,True,False,live_responsive
KXMLBSPREAD-26JUN162140BALSEA-SEA2,spread_run_line,BAL@SEA,BAL,SEA,2026-06-15T20:43:42.756674+00:00,2026-06-17T04:11:15.021404+00:00,1106,102.5,48477.1,4,20,50,30,62,30,1073.65,598.01,False,True,False,live_responsive
KXMLBSPREAD-26JUN162010DETHOU-DET2,spread_run_line,DET@HOU,DET,HOU,2026-06-15T20:43:42.756674+00:00,2026-06-17T04:11:15.021404+00:00,1106,102.5,48477.1,4,28,63,35,67,35,1078.59,530.51,False,True,False,live_responsive
KXMLBSPREAD-26JUN162010DETHOU-HOU2,spread_run_line,DET@HOU,DET,HOU,2026-06-15T20:43:42.756674+00:00,2026-06-17T04:11:15.021404+00:00,1106,102.5,48477.1,4,22,50,28,60,28,1078.59,531.01,False,True,False,live_responsive
KXMLBSPREAD-26JUN162010DETHOU-DET4,spread_run_line,DET@HOU,DET,HOU,2026-06-15T20:43:42.756674+00:00,2026-06-17T04:11:15.021404+00:00,1106,102.5,48477.1,5,12,55,43,84,43,1073.65,522.01,True,False,True,live_responsive
KXMLBSPREAD-26JUN162010DETHOU-DET3,spread_run_line,DET@HOU,DET,HOU,2026-06-15T20:43:42.756674+00:00,2026-06-17T04:11:15.021404+00:00,1106,102.5,48477.1,4,19,59,40,95,40,1077.59,524.01,True,True,True,live_responsive
KXMLBSPREAD-26JUN162010DETHOU-HOU3,spread_run_line,DET@HOU,DET,HOU,2026-06-15T20:43:42.756674+00:00,2026-06-17T04:11:15.021404+00:00,1106,102.5,48477.1,4,28,65,37,70,33,1078.59,521.51,True,False,True,live_responsive
KXMLBSPREAD-26JUN162010DETHOU-HOU4,spread_run_line,DET@HOU,DET,HOU,2026-06-15T20:43:42.756674+00:00,2026-06-17T04:11:15.021404+00:00,1106,102.5,48477.1,5,19,60,41,81,38,1073.65,521.51,True,False,True,live_responsive
KXMLBSPREAD-26JUN162005MINTEX-MIN4,spread_run_line,MIN@TEX,MIN,TEX,2026-06-15T20:43:42.756674+00:00,2026-06-17T04:11:15.021404+00:00,1106,102.5,48477.1,3,9,50,41,82,41,1078.59,515.51,True,True,False,live_responsive
KXMLBSPREAD-26JUN162005MINTEX-TEX4,spread_run_line,MIN@TEX,MIN,TEX,2026-06-15T20:43:42.756674+00:00,2026-06-17T04:11:15.021404+00:00,1106,102.5,48477.1,4,19,59,40,153,40,1069.65,430.01,True,True,False,live_responsive
KXMLBSPREAD-26JUN162005MINTEX-TEX3,spread_run_line,MIN@TEX,MIN,TEX,2026-06-15T20:43:42.756674+00:00,2026-06-17T04:11:15.021404+00:00,1106,102.5,48477.1,3,27,63,36,98,36,1077.59,469.08,True,False,False,live_responsive
KXMLBSPREAD-26JUN162005MINTEX-MIN2,spread_run_line,MIN@TEX,MIN,TEX,2026-06-15T20:43:42.756674+00:00,2026-06-17T04:11:15.021404+00:00,1106,102.5,48477.1,4,17,50,33,67,33,1078.59,498.51,False,False,False,slow_but_moving
KXMLBSPREAD-26JUN162005MINTEX-MIN3,spread_run_line,MIN@TEX,MIN,TEX,2026-06-15T20:43:42.756674+00:00,2026-06-17T04:11:15.021404+00:00,1106,102.5,48477.1,3,12,50,38,76,38,1078.59,513.01,False,True,False,live_responsive
KXMLBSPREAD-26JUN162005MINTEX-TEX2,spread_run_line,MIN@TEX,MIN,TEX,2026-06-15T20:43:42.756674+00:00,2026-06-17T04:11:15.021404+00:00,1106,102.5,48477.1,4,37,68,31,63,31,1073.65,433.51,True,False,False,live_responsive
KXMLBSPREAD-26JUN161945SDSTL-STL3,spread_run_line,SD@STL,SD,STL,2026-06-15T20:43:42.756674+00:00,2026-06-17T04:11:15.021404+00:00,1106,102.5,48477.1,3,24,61,37,74,37,1078.59,504.01,False,True,False,live_responsive
KXMLBSPREAD-26JUN161945SDSTL-STL2,spread_run_line,SD@STL,SD,STL,2026-06-15T20:43:42.756674+00:00,2026-06-17T04:11:15.021404+00:00,1106,102.5,48477.1,3,33,66,33,66,33,1078.59,505.51,False,True,False,live_responsive
KXMLBSPREAD-26JUN161945SDSTL-SD2,spread_run_line,SD@STL,SD,STL,2026-06-15T20:43:42.756674+00:00,2026-06-17T04:11:15.021404+00:00,1106,102.5,48477.1,4,35,67,32,65,32,1073.65,509.01,False,True,False,live_responsive
KXMLBSPREAD-26JUN161945SDSTL-SD4,spread_run_line,SD@STL,SD,STL,2026-06-15T20:43:42.756674+00:00,2026-06-17T04:11:15.021404+00:00,1106,102.5,48477.1,5,18,58,40,80,40,1073.65,506.01,False,True,False,live_responsive
KXMLBSPREAD-26JUN161945SDSTL-STL4,spread_run_line,SD@STL,SD,STL,2026-06-15T20:43:42.756674+00:00,2026-06-17T04:11:15.021404+00:00,1106,102.5,48477.1,3,16,57,41,82,41,1078.59,501.51,False,True,False,live_responsive
KXMLBSPREAD-26JUN161945SDSTL-SD3,spread_run_line,SD@STL,SD,STL,2026-06-15T20:43:42.756674+00:00,2026-06-17T04:11:15.021404+00:00,1106,102.5,48477.1,4,26,62,36,73,36,1073.65,509.01,False,True,False,live_responsive
KXMLBSPREAD-26JUN161940CLEMIL-CLE2,spread_run_line,CLE@MIL,CLE,MIL,2026-06-15T20:43:42.756674+00:00,2026-06-17T04:11:15.021404+00:00,1106,102.5,48477.1,4,30,64,34,69,34,1073.65,487.51,False,True,False,live_responsive
KXMLBSPREAD-26JUN161940CLEMIL-CLE4,spread_run_line,CLE@MIL,CLE,MIL,2026-06-15T20:43:42.756674+00:00,2026-06-17T04:11:15.021404+00:00,1106,102.5,48477.1,5,14,56,42,84,42,1073.65,485.51,False,True,False,live_responsive
KXMLBSPREAD-26JUN161940CLEMIL-MIL2,spread_run_line,CLE@MIL,CLE,MIL,2026-06-15T20:43:42.756674+00:00,2026-06-17T04:11:15.021404+00:00,1106,102.5,48477.1,4,39,69,30,59,29,1037.53,486.01,False,True,False,live_responsive
KXMLBSPREAD-26JUN161940CLEMIL-CLE3,spread_run_line,CLE@MIL,CLE,MIL,2026-06-15T20:43:42.756674+00:00,2026-06-17T04:11:15.021404+00:00,1106,102.5,48477.1,4,20,59,39,76,39,1078.59,487.01,False,True,False,live_responsive
KXMLBSPREAD-26JUN161940CLEMIL-MIL3,spread_run_line,CLE@MIL,CLE,MIL,2026-06-15T20:43:42.756674+00:00,2026-06-17T04:11:15.021404+00:00,1106,102.5,48477.1,4,28,64,36,72,35,1073.65,482.51,False,True,False,live_responsive
KXMLBSPREAD-26JUN161940CLEMIL-MIL4,spread_run_line,CLE@MIL,CLE,MIL,2026-06-15T20:43:42.756674+00:00,2026-06-17T04:11:15.021404+00:00,1106,102.5,48477.1,4,20,60,40,80,39,1073.65,480.01,False,True,False,live_responsive
KXMLBSPREAD-26JUN161915SFATL-ATL2,spread_run_line,SF@ATL,SF,ATL,2026-06-15T20:43:42.756674+00:00,2026-06-17T04:11:15.021404+00:00,1106,102.5,48477.1,4,40,50,10,10,8,1033.59,610.51,False,False,False,slow_but_moving
KXMLBSPREAD-26JUN161915SFATL-ATL4,spread_run_line,SF@ATL,SF,ATL,2026-06-15T20:43:42.756674+00:00,2026-06-17T04:11:15.021404+00:00,1106,102.5,48477.1,2,22,50,28,28,28,1079.59,610.51,False,False,False,stale
KXMLBSPREAD-26JUN161915SFATL-ATL3,spread_run_line,SF@ATL,SF,ATL,2026-06-15T20:43:42.756674+00:00,2026-06-17T04:11:15.021404+00:00,1106,102.5,48477.1,2,31,50,19,19,19,1079.59,610.51,False,False,False,stale
KXMLBSPREAD-26JUN161915SFATL-SF2,spread_run_line,SF@ATL,SF,ATL,2026-06-15T20:43:42.756674+00:00,2026-06-17T04:11:15.021404+00:00,1106,102.5,48477.1,2,30,50,20,20,20,1079.59,610.51,False,False,False,stale
KXMLBSPREAD-26JUN161915SFATL-SF3,spread_run_line,SF@ATL,SF,ATL,2026-06-15T20:43:42.756674+00:00,2026-06-17T04:11:15.021404+00:00,1106,102.5,48477.1,3,22,50,28,29,28,1074.65,610.51,False,False,False,slow_but_moving
KXMLBSPREAD-26JUN161915SFATL-SF4,spread_run_line,SF@ATL,SF,ATL,2026-06-15T20:43:42.756674+00:00,2026-06-17T04:11:15.021404+00:00,1106,102.5,48477.1,3,15,50,35,36,35,1074.65,610.51,False,False,False,slow_but_moving
KXMLBSPREAD-26JUN161905CWSNYY-CWS4,spread_run_line,CWS@NYY,CWS,NYY,2026-06-15T20:43:42.756674+00:00,2026-06-17T04:11:15.021404+00:00,1106,102.5,48477.1,4,14,57,43,86,42,1073.65,376.51,False,True,False,live_responsive
KXMLBSPREAD-26JUN161905CWSNYY-NYY4,spread_run_line,CWS@NYY,CWS,NYY,2026-06-15T20:43:42.756674+00:00,2026-06-17T04:11:15.021404+00:00,1106,102.5,48477.1,4,10,50,40,81,40,1073.65,453.51,False,True,False,live_responsive
KXMLBSPREAD-26JUN161905CWSNYY-NYY3,spread_run_line,CWS@NYY,CWS,NYY,2026-06-15T20:43:42.756674+00:00,2026-06-17T04:11:15.021404+00:00,1106,102.5,48477.1,4,14,50,36,145,36,1072.65,447.01,False,True,False,live_responsive
KXMLBSPREAD-26JUN161905CWSNYY-CWS3,spread_run_line,CWS@NYY,CWS,NYY,2026-06-15T20:43:42.756674+00:00,2026-06-17T04:11:15.021404+00:00,1106,102.5,48477.1,3,22,60,38,76,38,1078.59,469.08,True,True,False,live_responsive
KXMLBSPREAD-26JUN161905CWSNYY-CWS2,spread_run_line,CWS@NYY,CWS,NYY,2026-06-15T20:43:42.756674+00:00,2026-06-17T04:11:15.021404+00:00,1106,102.5,48477.1,4,30,65,35,100,34,1072.65,381.01,True,True,False,live_responsive
KXMLBSPREAD-26JUN161905CWSNYY-NYY2,spread_run_line,CWS@NYY,CWS,NYY,2026-06-15T20:43:42.756674+00:00,2026-06-17T04:11:15.021404+00:00,1106,102.5,48477.1,4,20,50,30,122,30,1036.53,428.51,True,True,False,live_responsive
KXMLBSPREAD-26JUN161840MIAPHI-MIA2,spread_run_line,MIA@PHI,MIA,PHI,2026-06-15T20:43:42.756674+00:00,2026-06-17T04:11:15.021404+00:00,1106,102.5,48477.1,3,28,63,35,122,35,1076.59,469.08,True,True,False,live_responsive
KXMLBSPREAD-26JUN161840MIAPHI-MIA3,spread_run_line,MIA@PHI,MIA,PHI,2026-06-15T20:43:42.756674+00:00,2026-06-17T04:11:15.021404+00:00,1106,102.5,48477.1,4,19,59,40,79,40,1078.59,469.08,False,True,False,live_responsive
KXMLBSPREAD-26JUN161840MIAPHI-MIA4,spread_run_line,MIA@PHI,MIA,PHI,2026-06-15T20:43:42.756674+00:00,2026-06-17T04:11:15.021404+00:00,1106,102.5,48477.1,5,12,55,43,86,43,1073.65,327.5,True,True,False,live_responsive
KXMLBSPREAD-26JUN161840MIAPHI-PHI4,spread_run_line,MIA@PHI,MIA,PHI,2026-06-15T20:43:42.756674+00:00,2026-06-17T04:11:15.021404+00:00,1106,102.5,48477.1,3,12,50,38,76,38,1078.59,469.08,False,True,False,live_responsive
KXMLBSPREAD-26JUN161840MIAPHI-PHI3,spread_run_line,MIA@PHI,MIA,PHI,2026-06-15T20:43:42.756674+00:00,2026-06-17T04:11:15.021404+00:00,1106,102.5,48477.1,4,16,50,34,69,34,1073.65,420.01,False,True,False,live_responsive
KXMLBSPREAD-26JUN161840MIAPHI-PHI2,spread_run_line,MIA@PHI,MIA,PHI,2026-06-15T20:43:42.756674+00:00,2026-06-17T04:11:15.021404+00:00,1106,102.5,48477.1,4,22,50,28,59,28,1032.59,419.51,False,True,False,live_responsive
KXMLBSPREAD-26JUN162005COLCHC-CHC2,spread_run_line,COL@CHC,COL,CHC,2026-06-16T19:40:54.767936+00:00,2026-06-17T04:11:15.021404+00:00,952,32.2,1572.0,3,47,73,26,49,26,509.34,423.34,False,True,False,live_responsive
KXMLBSPREAD-26JUN162005COLCHC-COL4,spread_run_line,COL@CHC,COL,CHC,2026-06-16T19:40:54.767936+00:00,2026-06-17T04:11:15.021404+00:00,952,32.2,1572.0,3,13,56,43,49,43,509.34,431.34,False,True,False,live_responsive
KXMLBSPREAD-26JUN162005COLCHC-CHC3,spread_run_line,COL@CHC,COL,CHC,2026-06-16T19:40:54.767936+00:00,2026-06-17T04:11:15.021404+00:00,952,32.2,1572.0,3,36,67,31,48,31,509.34,415.84,False,True,False,live_responsive
KXMLBSPREAD-26JUN162005COLCHC-CHC4,spread_run_line,COL@CHC,COL,CHC,2026-06-16T19:40:54.767936+00:00,2026-06-17T04:11:15.021404+00:00,952,32.2,1572.0,3,29,64,35,77,35,508.34,394.84,False,True,False,live_responsive
KXMLBSPREAD-26JUN162005COLCHC-COL3,spread_run_line,COL@CHC,COL,CHC,2026-06-16T19:40:54.767936+00:00,2026-06-17T04:11:15.021404+00:00,952,32.2,1572.0,3,10,50,40,49,40,509.34,438.34,False,True,False,live_responsive
KXMLBSPREAD-26JUN162005COLCHC-COL2,spread_run_line,COL@CHC,COL,CHC,2026-06-16T19:40:54.767936+00:00,2026-06-17T04:11:15.021404+00:00,952,32.2,1572.0,3,14,50,36,48,36,509.34,438.34,False,True,False,live_responsive
KXMLBSPREAD-26JUN161910NYMCIN-CIN4,spread_run_line,NYM@CIN,NYM,CIN,2026-06-16T19:40:54.767936+00:00,2026-06-17T04:11:15.021404+00:00,952,32.2,1572.0,3,16,57,41,48,41,509.34,371.34,False,True,False,live_responsive
KXMLBSPREAD-26JUN161910NYMCIN-NYM3,spread_run_line,NYM@CIN,NYM,CIN,2026-06-16T19:40:54.767936+00:00,2026-06-17T04:11:15.021404+00:00,952,32.2,1572.0,3,32,65,33,48,33,509.34,382.34,False,True,False,live_responsive
KXMLBSPREAD-26JUN161910NYMCIN-CIN3,spread_run_line,NYM@CIN,NYM,CIN,2026-06-16T19:40:54.767936+00:00,2026-06-17T04:11:15.021404+00:00,952,32.2,1572.0,3,23,61,38,49,38,509.34,372.34,False,True,False,live_responsive
KXMLBSPREAD-26JUN161910NYMCIN-CIN2,spread_run_line,NYM@CIN,NYM,CIN,2026-06-16T19:40:54.767936+00:00,2026-06-17T04:11:15.021404+00:00,952,32.2,1572.0,3,16,50,34,49,34,509.34,382.84,False,True,False,live_responsive
KXMLBSPREAD-26JUN161910NYMCIN-NYM4,spread_run_line,NYM@CIN,NYM,CIN,2026-06-16T19:40:54.767936+00:00,2026-06-17T04:11:15.021404+00:00,952,32.2,1572.0,4,24,61,37,52,37,507.34,324.34,False,True,False,live_responsive
KXMLBSPREAD-26JUN161910NYMCIN-NYM2,spread_run_line,NYM@CIN,NYM,CIN,2026-06-16T19:40:54.767936+00:00,2026-06-17T04:11:15.021404+00:00,952,32.2,1572.0,3,42,70,28,48,28,509.34,382.84,False,True,False,live_responsive
KXMLBSPREAD-26JUN161845TORBOS-TOR3,spread_run_line,TOR@BOS,TOR,BOS,2026-06-16T19:40:54.767936+00:00,2026-06-17T04:11:15.021404+00:00,952,32.2,1572.0,3,15,50,35,118,35,508.34,354.34,True,True,False,live_responsive
KXMLBSPREAD-26JUN161845TORBOS-TOR4,spread_run_line,TOR@BOS,TOR,BOS,2026-06-16T19:40:54.767936+00:00,2026-06-17T04:11:15.021404+00:00,952,32.2,1572.0,3,11,50,39,48,39,509.34,356.84,True,True,False,live_responsive
KXMLBSPREAD-26JUN161845TORBOS-BOS4,spread_run_line,TOR@BOS,TOR,BOS,2026-06-16T19:40:54.767936+00:00,2026-06-17T04:11:15.021404+00:00,952,32.2,1572.0,3,13,56,43,49,43,509.34,309.34,False,True,False,live_responsive
KXMLBSPREAD-26JUN161845TORBOS-BOS2,spread_run_line,TOR@BOS,TOR,BOS,2026-06-16T19:40:54.767936+00:00,2026-06-17T04:11:15.021404+00:00,952,32.2,1572.0,3,29,64,35,105,35,507.34,332.84,True,True,False,live_responsive
KXMLBSPREAD-26JUN161845TORBOS-BOS3,spread_run_line,TOR@BOS,TOR,BOS,2026-06-16T19:40:54.767936+00:00,2026-06-17T04:11:15.021404+00:00,952,32.2,1572.0,3,20,59,39,156,39,503.34,311.84,True,True,False,live_responsive
KXMLBSPREAD-26JUN161845TORBOS-TOR2,spread_run_line,TOR@BOS,TOR,BOS,2026-06-16T19:40:54.767936+00:00,2026-06-17T04:11:15.021404+00:00,952,32.2,1572.0,3,20,50,30,169,30,507.34,352.84,True,True,False,live_responsive
KXMLBTEAMTOTAL-26JUN162210TBLAD-TB4,team_total,TB@LAD,TB,LAD,2026-06-15T20:43:42.756674+00:00,2026-06-17T04:11:15.021404+00:00,1106,102.5,48477.1,3,50,74,24,50,24,1840.54,1608.9,False,True,False,live_responsive
KXMLBTEAMTOTAL-26JUN162210TBLAD-LAD5,team_total,TB@LAD,TB,LAD,2026-06-15T20:43:42.756674+00:00,2026-06-17T04:11:15.021404+00:00,1106,102.5,48477.1,5,45,72,27,55,27,1032.59,601.01,False,True,False,live_responsive
KXMLBTEAMTOTAL-26JUN162210TBLAD-LAD3,team_total,TB@LAD,TB,LAD,2026-06-15T20:43:42.756674+00:00,2026-06-17T04:11:15.021404+00:00,1106,102.5,48477.1,5,50,86,36,71,36,1073.65,601.01,False,True,False,live_responsive
KXMLBTEAMTOTAL-26JUN162210TBLAD-TB2,team_total,TB@LAD,TB,LAD,2026-06-15T20:43:42.756674+00:00,2026-06-17T04:11:15.021404+00:00,1106,102.5,48477.1,6,50,89,39,72,39,1032.59,601.01,False,True,False,live_responsive
KXMLBTEAMTOTAL-26JUN162210TBLAD-TB8,team_total,TB@LAD,TB,LAD,2026-06-15T20:43:42.756674+00:00,2026-06-17T04:11:15.021404+00:00,1106,102.5,48477.1,6,10,54,44,77,44,1032.59,600.01,False,True,False,live_responsive
KXMLBTEAMTOTAL-26JUN162210TBLAD-TB7,team_total,TB@LAD,TB,LAD,2026-06-15T20:43:42.756674+00:00,2026-06-17T04:11:15.021404+00:00,3526,32.1,48477.1,39,0,50,50,22447,49,942.68,223.14,True,True,False,live_responsive
KXMLBTEAMTOTAL-26JUN162210TBLAD-TB6,team_total,TB@LAD,TB,LAD,2026-06-15T20:43:42.756674+00:00,2026-06-17T04:11:15.021404+00:00,3484,32.5,48477.1,44,0,50,50,20480,49,940.06,223.14,True,True,False,live_responsive
KXMLBTEAMTOTAL-26JUN162210TBLAD-TB5,team_total,TB@LAD,TB,LAD,2026-06-15T20:43:42.756674+00:00,2026-06-17T04:11:15.021404+00:00,3538,32.0,48477.1,49,0,50,50,16683,49,950.33,228.08,True,True,False,live_responsive
KXMLBTEAMTOTAL-26JUN162210TBLAD-TB3,team_total,TB@LAD,TB,LAD,2026-06-15T20:43:42.756674+00:00,2026-06-17T04:11:15.021404+00:00,3649,31.0,48477.1,68,0,72,72,10577,48,949.71,223.14,True,True,False,live_responsive
KXMLBTEAMTOTAL-26JUN162210TBLAD-LAD7,team_total,TB@LAD,TB,LAD,2026-06-15T20:43:42.756674+00:00,2026-06-17T04:11:15.021404+00:00,1106,102.5,48477.1,6,23,61,38,69,38,1032.59,601.01,False,True,False,live_responsive
KXMLBTEAMTOTAL-26JUN162210TBLAD-LAD6,team_total,TB@LAD,TB,LAD,2026-06-15T20:43:42.756674+00:00,2026-06-17T04:11:15.021404+00:00,1106,102.5,48477.1,6,33,66,33,65,33,1032.59,601.01,False,True,False,live_responsive
KXMLBTEAMTOTAL-26JUN162210TBLAD-LAD4,team_total,TB@LAD,TB,LAD,2026-06-15T20:43:42.756674+00:00,2026-06-17T04:11:15.021404+00:00,1106,102.5,48477.1,6,50,78,28,63,28,1032.59,601.01,False,True,False,live_responsive
KXMLBTEAMTOTAL-26JUN162210TBLAD-LAD2,team_total,TB@LAD,TB,LAD,2026-06-15T20:43:42.756674+00:00,2026-06-17T04:11:15.021404+00:00,1106,102.5,48477.1,6,50,92,42,71,42,1032.59,601.01,False,True,False,live_responsive
KXMLBTEAMTOTAL-26JUN162210TBLAD-LAD8,team_total,TB@LAD,TB,LAD,2026-06-15T20:43:42.756674+00:00,2026-06-17T04:11:15.021404+00:00,1106,102.5,48477.1,6,15,57,42,71,42,1032.59,601.01,False,True,False,live_responsive
KXMLBTEAMTOTAL-26JUN162140PITATH-PIT5,team_total,PIT@ATH,PIT,ATH,2026-06-15T20:43:42.756674+00:00,2026-06-17T04:11:15.021404+00:00,3239,35.0,48477.1,37,23,99,76,12626,49,949.25,223.14,True,True,False,live_responsive
KXMLBTEAMTOTAL-26JUN162140PITATH-ATH3,team_total,PIT@ATH,PIT,ATH,2026-06-15T20:43:42.756674+00:00,2026-06-17T04:11:15.021404+00:00,1602,70.7,48477.1,22,50,99,49,6987,49,1001.04,223.14,True,True,False,live_responsive
KXMLBTEAMTOTAL-26JUN162140PITATH-ATH4,team_total,PIT@ATH,PIT,ATH,2026-06-15T20:43:42.756674+00:00,2026-06-17T04:11:15.021404+00:00,1859,61.0,48477.1,27,50,99,49,8581,49,971.95,223.14,True,True,False,live_responsive
KXMLBTEAMTOTAL-26JUN162140PITATH-ATH5,team_total,PIT@ATH,PIT,ATH,2026-06-15T20:43:42.756674+00:00,2026-06-17T04:11:15.021404+00:00,3355,33.8,48477.1,42,46,99,53,16974,49,944.61,223.14,True,True,False,live_responsive
KXMLBTEAMTOTAL-26JUN162140PITATH-ATH6,team_total,PIT@ATH,PIT,ATH,2026-06-15T20:43:42.756674+00:00,2026-06-17T04:11:22.002690+00:00,3696,30.7,48477.1,43,46,89,43,14308,39,930.89,223.14,True,True,False,live_responsive
KXMLBTEAMTOTAL-26JUN162140PITATH-ATH7,team_total,PIT@ATH,PIT,ATH,2026-06-15T20:43:42.756674+00:00,2026-06-17T04:11:15.021404+00:00,3291,34.4,48477.1,54,25,80,55,12393,37,924.11,223.14,True,True,False,live_responsive
KXMLBTEAMTOTAL-26JUN162140PITATH-ATH8,team_total,PIT@ATH,PIT,ATH,2026-06-15T20:43:42.756674+00:00,2026-06-17T04:11:20.004360+00:00,4020,28.2,48477.1,54,15,68,53,15226,35,931.41,223.14,True,True,False,live_responsive
KXMLBTEAMTOTAL-26JUN162140PITATH-ATH2,team_total,PIT@ATH,PIT,ATH,2026-06-15T20:43:42.756674+00:00,2026-06-17T04:11:15.021404+00:00,1323,85.7,48477.1,14,50,99,49,6060,49,1052.21,241.0,True,True,False,live_responsive
KXMLBTEAMTOTAL-26JUN162140PITATH-PIT8,team_total,PIT@ATH,PIT,ATH,2026-06-15T20:43:42.756674+00:00,2026-06-17T04:11:26.005572+00:00,3912,29.0,48477.1,19,9,50,41,29928,41,976.25,241.0,True,True,False,live_responsive
KXMLBTEAMTOTAL-26JUN162140PITATH-PIT7,team_total,PIT@ATH,PIT,ATH,2026-06-15T20:43:42.756674+00:00,2026-06-17T04:11:26.005079+00:00,3545,32.0,48477.1,40,12,52,40,24939,38,965.81,241.0,True,True,False,live_responsive
KXMLBTEAMTOTAL-26JUN162140PITATH-PIT6,team_total,PIT@ATH,PIT,ATH,2026-06-15T20:43:42.756674+00:00,2026-06-17T04:11:26.004434+00:00,3508,32.3,48477.1,54,15,69,54,19969,35,920.99,223.14,True,True,False,live_responsive
KXMLBTEAMTOTAL-26JUN162140PITATH-PIT4,team_total,PIT@ATH,PIT,ATH,2026-06-15T20:43:42.756674+00:00,2026-06-17T04:11:15.021404+00:00,3668,30.9,48477.1,39,36,99,63,11852,49,949.01,223.14,True,True,False,live_responsive
KXMLBTEAMTOTAL-26JUN162140PITATH-PIT3,team_total,PIT@ATH,PIT,ATH,2026-06-15T20:43:42.756674+00:00,2026-06-17T04:11:15.021404+00:00,2712,41.8,48477.1,36,50,99,49,13132,49,946.25,223.14,True,True,False,live_responsive
KXMLBTEAMTOTAL-26JUN162140PITATH-PIT2,team_total,PIT@ATH,PIT,ATH,2026-06-15T20:43:42.756674+00:00,2026-06-17T04:11:15.021404+00:00,3294,34.4,48477.1,35,50,99,49,20806,49,966.77,223.14,True,True,False,live_responsive
KXMLBTEAMTOTAL-26JUN162140LAAAZ-LAA5,team_total,LAA@AZ,LAA,AZ,2026-06-15T20:43:42.756674+00:00,2026-06-17T04:11:15.021404+00:00,1875,60.4,48477.1,41,29,99,70,4904,49,1760.23,1108.07,True,True,False,live_responsive
KXMLBTEAMTOTAL-26JUN162140LAAAZ-AZ4,team_total,LAA@AZ,LAA,AZ,2026-06-15T20:43:42.756674+00:00,2026-06-17T04:11:15.021404+00:00,3453,32.8,48477.1,52,0,60,60,15756,50,937.01,223.14,True,True,False,live_responsive
KXMLBTEAMTOTAL-26JUN162140LAAAZ-AZ3,team_total,LAA@AZ,LAA,AZ,2026-06-15T20:43:42.756674+00:00,2026-06-17T04:11:15.021404+00:00,3627,31.2,48477.1,61,0,75,75,15186,50,967.31,241.0,True,True,False,live_responsive
KXMLBTEAMTOTAL-26JUN162140LAAAZ-LAA2,team_total,LAA@AZ,LAA,AZ,2026-06-15T20:43:42.756674+00:00,2026-06-17T04:11:15.021404+00:00,1645,68.9,48477.1,31,50,99,49,8140,49,995.01,223.14,True,True,False,live_responsive
KXMLBTEAMTOTAL-26JUN162140LAAAZ-LAA8,team_total,LAA@AZ,LAA,AZ,2026-06-15T20:43:42.756674+00:00,2026-06-17T04:11:15.021404+00:00,3384,33.5,48477.1,63,0,71,71,17616,47,930.19,223.14,True,True,False,live_responsive
KXMLBTEAMTOTAL-26JUN162140LAAAZ-LAA7,team_total,LAA@AZ,LAA,AZ,2026-06-15T20:43:42.756674+00:00,2026-06-17T04:11:15.021404+00:00,3227,35.1,48477.1,60,14,99,85,13729,50,937.84,223.14,True,True,False,live_responsive
KXMLBTEAMTOTAL-26JUN162140LAAAZ-LAA6,team_total,LAA@AZ,LAA,AZ,2026-06-15T20:43:42.756674+00:00,2026-06-17T04:11:15.021404+00:00,2765,41.0,48477.1,56,22,99,77,10079,49,960.14,223.14,True,True,False,live_responsive
KXMLBTEAMTOTAL-26JUN162140LAAAZ-LAA4,team_total,LAA@AZ,LAA,AZ,2026-06-15T20:43:42.756674+00:00,2026-06-17T04:11:15.021404+00:00,2275,49.8,48477.1,39,45,99,54,7234,49,1009.57,241.0,True,True,False,live_responsive
KXMLBTEAMTOTAL-26JUN162140LAAAZ-AZ8,team_total,LAA@AZ,LAA,AZ,2026-06-15T20:43:42.756674+00:00,2026-06-17T04:11:15.021404+00:00,2270,49.9,48477.1,22,0,50,50,19782,50,947.71,469.08,True,True,False,live_responsive
KXMLBTEAMTOTAL-26JUN162140LAAAZ-LAA3,team_total,LAA@AZ,LAA,AZ,2026-06-15T20:43:42.756674+00:00,2026-06-17T04:11:15.021404+00:00,2126,53.3,48477.1,29,50,99,49,12538,49,987.35,241.0,True,True,False,live_responsive
KXMLBTEAMTOTAL-26JUN162140LAAAZ-AZ6,team_total,LAA@AZ,LAA,AZ,2026-06-15T20:43:42.756674+00:00,2026-06-17T04:11:15.021404+00:00,3354,33.8,48477.1,43,0,50,50,27416,50,967.14,241.0,True,True,False,live_responsive
KXMLBTEAMTOTAL-26JUN162140LAAAZ-AZ5,team_total,LAA@AZ,LAA,AZ,2026-06-15T20:43:42.756674+00:00,2026-06-17T04:11:15.021404+00:00,3390,33.4,48477.1,49,0,50,50,25367,50,975.7,241.0,True,True,False,live_responsive
KXMLBTEAMTOTAL-26JUN162140LAAAZ-AZ2,team_total,LAA@AZ,LAA,AZ,2026-06-15T20:43:42.756674+00:00,2026-06-17T04:11:15.021404+00:00,3095,36.6,48477.1,61,0,86,86,14480,50,930.38,223.14,True,True,False,live_responsive
KXMLBTEAMTOTAL-26JUN162140LAAAZ-AZ7,team_total,LAA@AZ,LAA,AZ,2026-06-15T20:43:42.756674+00:00,2026-06-17T04:11:15.021404+00:00,2565,44.2,48477.1,32,0,50,50,21587,50,975.76,469.08,True,True,False,live_responsive
KXMLBTEAMTOTAL-26JUN162140BALSEA-BAL4,team_total,BAL@SEA,BAL,SEA,2026-06-15T20:43:42.756674+00:00,2026-06-17T04:11:15.021404+00:00,3120,36.3,48477.1,52,0,62,62,9934,54,957.73,241.0,True,True,False,live_responsive
KXMLBTEAMTOTAL-26JUN162140BALSEA-SEA5,team_total,BAL@SEA,BAL,SEA,2026-06-15T20:43:42.756674+00:00,2026-06-17T04:11:15.021404+00:00,3996,28.3,48477.1,42,0,51,51,16264,50,907.8,223.14,True,True,False,live_responsive
KXMLBTEAMTOTAL-26JUN162140BALSEA-BAL3,team_total,BAL@SEA,BAL,SEA,2026-06-15T20:43:42.756674+00:00,2026-06-17T04:11:15.021404+00:00,2798,40.5,48477.1,62,0,80,80,10150,54,933.63,223.14,True,True,False,live_responsive
KXMLBTEAMTOTAL-26JUN162140BALSEA-BAL8,team_total,BAL@SEA,BAL,SEA,2026-06-15T20:43:42.756674+00:00,2026-06-17T04:11:15.021404+00:00,2123,53.4,48477.1,28,0,50,50,20690,47,938.56,241.0,True,True,False,live_responsive
KXMLBTEAMTOTAL-26JUN162140BALSEA-BAL6,team_total,BAL@SEA,BAL,SEA,2026-06-15T20:43:42.756674+00:00,2026-06-17T04:11:15.021404+00:00,2522,44.9,48477.1,41,0,50,50,19858,50,957.51,241.0,True,True,False,live_responsive
KXMLBTEAMTOTAL-26JUN162140BALSEA-SEA4,team_total,BAL@SEA,BAL,SEA,2026-06-15T20:43:42.756674+00:00,2026-06-17T04:11:15.021404+00:00,4150,27.3,48477.1,56,0,64,64,8614,49,914.44,223.14,True,True,False,live_responsive
KXMLBTEAMTOTAL-26JUN162140BALSEA-BAL2,team_total,BAL@SEA,BAL,SEA,2026-06-15T20:43:42.756674+00:00,2026-06-17T04:11:15.021404+00:00,4487,25.2,48477.1,57,0,93,93,16784,43,931.03,223.14,True,True,False,live_responsive
KXMLBTEAMTOTAL-26JUN162140BALSEA-BAL5,team_total,BAL@SEA,BAL,SEA,2026-06-15T20:43:42.756674+00:00,2026-06-17T04:11:15.021404+00:00,3022,37.5,48477.1,49,0,51,51,15098,45,964.68,241.0,True,True,False,live_responsive
KXMLBTEAMTOTAL-26JUN162140BALSEA-SEA6,team_total,BAL@SEA,BAL,SEA,2026-06-15T20:43:42.756674+00:00,2026-06-17T04:11:15.021404+00:00,3028,37.4,48477.1,39,0,50,50,19813,50,919.01,223.14,True,True,False,live_responsive
KXMLBTEAMTOTAL-26JUN162140BALSEA-BAL7,team_total,BAL@SEA,BAL,SEA,2026-06-15T20:43:42.756674+00:00,2026-06-17T04:11:15.021404+00:00,2384,47.5,48477.1,36,0,50,50,24123,48,943.67,241.0,True,True,False,live_responsive
