id,market_ticker,snapped_at,yes_bids_json,yes_asks_json,spread_cents,mid_cents,raw_json,event_ticker,sport,home_team,away_team,game_pk,market_type,yes_bid,yes_ask,no_bid,no_ask,last_price,volume,open_interest,source
3429298,KXMLBTEAMTOTAL-26JUN162140PITATH-ATH8,2026-06-17T04:15:27.012716+00:00,,,69,39,"{""type"": ""ticker"", ""sid"": 1, ""msg"": {""market_id"": ""b44f60d5-dd63-43f9-b361-9aadd408d66f"", ""market_ticker"": ""KXMLBTEAMTOTAL-26JUN162140PITATH-ATH8"", ""price_dollars"": ""0.0700"", ""yes_bid_dollars"": ""0.0500"", ""yes_ask_dollars"": ""0.7400"", ""volume_fp"": ""4173.00"", ""open_interest_fp"": ""3067.30"", ""dollar_volume"": 2086, ""dollar_open_interest"": 1533, ""yes_bid_size_fp"": ""301.00"", ""yes_ask_size_fp"": ""1.00"", ""last_trade_size_fp"": ""535.64"", ""ts"": 1781669726, ""ts_ms"": 1781669726066, ""time"": ""2026-06-17T04:15:26.06693Z""}}",KXMLBTEAMTOTAL-26JUN162140PITATH,mlb,ATH,PIT,,team_total,5,74,26,95,7,4173,3067,ws_ticker
3429297,KXMLBTEAMTOTAL-26JUN162140PITATH-PIT7,2026-06-17T04:15:27.012211+00:00,,,37,37,"{""type"": ""ticker"", ""sid"": 1, ""msg"": {""market_id"": ""e18aec3f-027a-4ae6-93ef-a451f4d6ed8b"", ""market_ticker"": ""KXMLBTEAMTOTAL-26JUN162140PITATH-PIT7"", ""price_dollars"": ""0.6100"", ""yes_bid_dollars"": ""0.1900"", ""yes_ask_dollars"": ""0.5600"", ""volume_fp"": ""2224.22"", ""open_interest_fp"": ""2175.06"", ""dollar_volume"": 1112, ""dollar_open_interest"": 1087, ""yes_bid_size_fp"": ""10.00"", ""yes_ask_size_fp"": ""4.00"", ""last_trade_size_fp"": ""21.34"", ""ts"": 1781669726, ""ts_ms"": 1781669726045, ""time"": ""2026-06-17T04:15:26.045219Z""}}",KXMLBTEAMTOTAL-26JUN162140PITATH,mlb,ATH,PIT,,team_total,19,56,44,81,61,2224,2175,ws_ticker
3429296,KXMLBTEAMTOTAL-26JUN162140PITATH-PIT8,2026-06-17T04:15:27.011678+00:00,,,57,35,"{""type"": ""ticker"", ""sid"": 1, ""msg"": {""market_id"": ""1d254009-c1a6-4e0b-97af-854fc91d41b2"", ""market_ticker"": ""KXMLBTEAMTOTAL-26JUN162140PITATH-PIT8"", ""price_dollars"": ""0.4500"", ""yes_bid_dollars"": ""0.0700"", ""yes_ask_dollars"": ""0.6400"", ""volume_fp"": ""1298.02"", ""open_interest_fp"": ""1296.72"", ""dollar_volume"": 649, ""dollar_open_interest"": 648, ""yes_bid_size_fp"": ""1.00"", ""yes_ask_size_fp"": ""1.00"", ""last_trade_size_fp"": ""0.34"", ""ts"": 1781669726, ""ts_ms"": 1781669726027, ""time"": ""2026-06-17T04:15:26.027055Z""}}",KXMLBTEAMTOTAL-26JUN162140PITATH,mlb,ATH,PIT,,team_total,7,64,36,93,45,1298,1296,ws_ticker
3429295,KXMLBTEAMTOTAL-26JUN161915SFATL-SF8,2026-06-17T04:15:27.011091+00:00,,,57,35,"{""type"": ""ticker"", ""sid"": 1, ""msg"": {""market_id"": ""54f3b081-212a-4a24-ad23-1bf492100a8e"", ""market_ticker"": ""KXMLBTEAMTOTAL-26JUN161915SFATL-SF8"", ""price_dollars"": ""0.2000"", ""yes_bid_dollars"": ""0.0700"", ""yes_ask_dollars"": ""0.6400"", ""volume_fp"": ""5341.70"", ""open_interest_fp"": ""5341.70"", ""dollar_volume"": 2670, ""dollar_open_interest"": 2670, ""yes_bid_size_fp"": ""1.00"", ""yes_ask_size_fp"": ""1.00"", ""last_trade_size_fp"": ""1.00"", ""ts"": 1781669726, ""ts_ms"": 1781669726007, ""time"": ""2026-06-17T04:15:26.007513Z""}}",KXMLBTEAMTOTAL-26JUN161915SFATL,mlb,ATL,SF,,team_total,7,64,36,93,20,5341,5341,ws_ticker
3429294,KXMLBTEAMTOTAL-26JUN162140PITATH-PIT6,2026-06-17T04:15:27.010438+00:00,,,50,65,"{""type"": ""ticker"", ""sid"": 1, ""msg"": {""market_id"": ""255c197b-e90f-4c6c-8149-a50559a8fe80"", ""market_ticker"": ""KXMLBTEAMTOTAL-26JUN162140PITATH-PIT6"", ""price_dollars"": ""0.7700"", ""yes_bid_dollars"": ""0.4000"", ""yes_ask_dollars"": ""0.9000"", ""volume_fp"": ""5897.62"", ""open_interest_fp"": ""4677.22"", ""dollar_volume"": 2948, ""dollar_open_interest"": 2338, ""yes_bid_size_fp"": ""5.00"", ""yes_ask_size_fp"": ""20.00"", ""last_trade_size_fp"": ""1.20"", ""ts"": 1781669725, ""ts_ms"": 1781669725983, ""time"": ""2026-06-17T04:15:25.983385Z""}}",KXMLBTEAMTOTAL-26JUN162140PITATH,mlb,ATH,PIT,,team_total,40,90,10,60,77,5897,4677,ws_ticker
3429293,KXMLBTEAMTOTAL-26JUN161915SFATL-SF8,2026-06-17T04:15:26.012547+00:00,,,57,35,"{""type"": ""ticker"", ""sid"": 1, ""msg"": {""market_id"": ""54f3b081-212a-4a24-ad23-1bf492100a8e"", ""market_ticker"": ""KXMLBTEAMTOTAL-26JUN161915SFATL-SF8"", ""price_dollars"": ""0.2000"", ""yes_bid_dollars"": ""0.0700"", ""yes_ask_dollars"": ""0.6400"", ""volume_fp"": ""5341.70"", ""open_interest_fp"": ""5341.70"", ""dollar_volume"": 2670, ""dollar_open_interest"": 2670, ""yes_bid_size_fp"": ""3.00"", ""yes_ask_size_fp"": ""1.00"", ""last_trade_size_fp"": ""1.00"", ""ts"": 1781669725, ""ts_ms"": 1781669725085, ""time"": ""2026-06-17T04:15:25.085121Z""}}",KXMLBTEAMTOTAL-26JUN161915SFATL,mlb,ATL,SF,,team_total,7,64,36,93,20,5341,5341,ws_ticker
3429292,KXMLBTEAMTOTAL-26JUN162140PITATH-ATH6,2026-06-17T04:15:26.012078+00:00,,,27,77,"{""type"": ""ticker"", ""sid"": 1, ""msg"": {""market_id"": ""ed360a1f-9710-4c68-a1a3-02d5df386a83"", ""market_ticker"": ""KXMLBTEAMTOTAL-26JUN162140PITATH-ATH6"", ""price_dollars"": ""0.7100"", ""yes_bid_dollars"": ""0.6400"", ""yes_ask_dollars"": ""0.9100"", ""volume_fp"": ""15858.16"", ""open_interest_fp"": ""13764.28"", ""dollar_volume"": 7929, ""dollar_open_interest"": 6882, ""yes_bid_size_fp"": ""1.00"", ""yes_ask_size_fp"": ""1.00"", ""last_trade_size_fp"": ""115.94"", ""ts"": 1781669724, ""ts_ms"": 1781669724972, ""time"": ""2026-06-17T04:15:24.972037Z""}}",KXMLBTEAMTOTAL-26JUN162140PITATH,mlb,ATH,PIT,,team_total,64,91,9,36,71,15858,13764,ws_ticker
3429291,KXMLBTEAMTOTAL-26JUN162140PITATH-ATH8,2026-06-17T04:15:26.011607+00:00,,,56,35,"{""type"": ""ticker"", ""sid"": 1, ""msg"": {""market_id"": ""b44f60d5-dd63-43f9-b361-9aadd408d66f"", ""market_ticker"": ""KXMLBTEAMTOTAL-26JUN162140PITATH-ATH8"", ""price_dollars"": ""0.0700"", ""yes_bid_dollars"": ""0.0700"", ""yes_ask_dollars"": ""0.6300"", ""volume_fp"": ""4173.00"", ""open_interest_fp"": ""3067.30"", ""dollar_volume"": 2086, ""dollar_open_interest"": 1533, ""yes_bid_size_fp"": ""914.36"", ""yes_ask_size_fp"": ""1450.00"", ""last_trade_size_fp"": ""535.64"", ""ts"": 1781669724, ""ts_ms"": 1781669724907, ""time"": ""2026-06-17T04:15:24.907969Z""}}",KXMLBTEAMTOTAL-26JUN162140PITATH,mlb,ATH,PIT,,team_total,7,63,37,93,7,4173,3067,ws_ticker
3429290,KXMLBTEAMTOTAL-26JUN162140PITATH-PIT8,2026-06-17T04:15:26.011060+00:00,,,37,25,"{""type"": ""ticker"", ""sid"": 1, ""msg"": {""market_id"": ""1d254009-c1a6-4e0b-97af-854fc91d41b2"", ""market_ticker"": ""KXMLBTEAMTOTAL-26JUN162140PITATH-PIT8"", ""price_dollars"": ""0.4500"", ""yes_bid_dollars"": ""0.0700"", ""yes_ask_dollars"": ""0.4400"", ""volume_fp"": ""1298.02"", ""open_interest_fp"": ""1296.72"", ""dollar_volume"": 649, ""dollar_open_interest"": 648, ""yes_bid_size_fp"": ""1.00"", ""yes_ask_size_fp"": ""1450.00"", ""last_trade_size_fp"": ""0.34"", ""ts"": 1781669724, ""ts_ms"": 1781669724876, ""time"": ""2026-06-17T04:15:24.876891Z""}}",KXMLBTEAMTOTAL-26JUN162140PITATH,mlb,ATH,PIT,,team_total,7,44,56,93,45,1298,1296,ws_ticker
3429289,KXMLBTEAMTOTAL-26JUN162140PITATH-PIT7,2026-06-17T04:15:26.010463+00:00,,,28,37,"{""type"": ""ticker"", ""sid"": 1, ""msg"": {""market_id"": ""e18aec3f-027a-4ae6-93ef-a451f4d6ed8b"", ""market_ticker"": ""KXMLBTEAMTOTAL-26JUN162140PITATH-PIT7"", ""price_dollars"": ""0.6100"", ""yes_bid_dollars"": ""0.2300"", ""yes_ask_dollars"": ""0.5100"", ""volume_fp"": ""2224.22"", ""open_interest_fp"": ""2175.06"", ""dollar_volume"": 1112, ""dollar_open_interest"": 1087, ""yes_bid_size_fp"": ""299.00"", ""yes_ask_size_fp"": ""1450.00"", ""last_trade_size_fp"": ""21.34"", ""ts"": 1781669724, ""ts_ms"": 1781669724876, ""time"": ""2026-06-17T04:15:24.8764Z""}}",KXMLBTEAMTOTAL-26JUN162140PITATH,mlb,ATH,PIT,,team_total,23,51,49,77,61,2224,2175,ws_ticker
3429288,KXMLBTEAMTOTAL-26JUN162140PITATH-ATH7,2026-06-17T04:15:26.009780+00:00,,,58,65,"{""type"": ""ticker"", ""sid"": 1, ""msg"": {""market_id"": ""8810ac6d-5904-4eef-8cbe-0606fb20fea8"", ""market_ticker"": ""KXMLBTEAMTOTAL-26JUN162140PITATH-ATH7"", ""price_dollars"": ""0.3800"", ""yes_bid_dollars"": ""0.3600"", ""yes_ask_dollars"": ""0.9400"", ""volume_fp"": ""5335.68"", ""open_interest_fp"": ""4236.44"", ""dollar_volume"": 2667, ""dollar_open_interest"": 2118, ""yes_bid_size_fp"": ""1.00"", ""yes_ask_size_fp"": ""33.00"", ""last_trade_size_fp"": ""15.71"", ""ts"": 1781669724, ""ts_ms"": 1781669724825, ""time"": ""2026-06-17T04:15:24.825342Z""}}",KXMLBTEAMTOTAL-26JUN162140PITATH,mlb,ATH,PIT,,team_total,36,94,6,64,38,5335,4236,ws_ticker
3429287,KXMLBTEAMTOTAL-26JUN161915SFATL-SF8,2026-06-17T04:15:25.010670+00:00,,,57,35,"{""type"": ""ticker"", ""sid"": 1, ""msg"": {""market_id"": ""54f3b081-212a-4a24-ad23-1bf492100a8e"", ""market_ticker"": ""KXMLBTEAMTOTAL-26JUN161915SFATL-SF8"", ""price_dollars"": ""0.2000"", ""yes_bid_dollars"": ""0.0700"", ""yes_ask_dollars"": ""0.6400"", ""volume_fp"": ""5341.70"", ""open_interest_fp"": ""5341.70"", ""dollar_volume"": 2670, ""dollar_open_interest"": 2670, ""yes_bid_size_fp"": ""1.00"", ""yes_ask_size_fp"": ""1.00"", ""last_trade_size_fp"": ""1.00"", ""ts"": 1781669724, ""ts_ms"": 1781669724029, ""time"": ""2026-06-17T04:15:24.029291Z""}}",KXMLBTEAMTOTAL-26JUN161915SFATL,mlb,ATL,SF,,team_total,7,64,36,93,20,5341,5341,ws_ticker
3429286,KXMLBTEAMTOTAL-26JUN161915SFATL-SF8,2026-06-17T04:15:24.010015+00:00,,,57,35,"{""type"": ""ticker"", ""sid"": 1, ""msg"": {""market_id"": ""54f3b081-212a-4a24-ad23-1bf492100a8e"", ""market_ticker"": ""KXMLBTEAMTOTAL-26JUN161915SFATL-SF8"", ""price_dollars"": ""0.2000"", ""yes_bid_dollars"": ""0.0700"", ""yes_ask_dollars"": ""0.6400"", ""volume_fp"": ""5341.70"", ""open_interest_fp"": ""5341.70"", ""dollar_volume"": 2670, ""dollar_open_interest"": 2670, ""yes_bid_size_fp"": ""3.00"", ""yes_ask_size_fp"": ""1.00"", ""last_trade_size_fp"": ""1.00"", ""ts"": 1781669723, ""ts_ms"": 1781669723105, ""time"": ""2026-06-17T04:15:23.105946Z""}}",KXMLBTEAMTOTAL-26JUN161915SFATL,mlb,ATL,SF,,team_total,7,64,36,93,20,5341,5341,ws_ticker
3429285,KXMLBTEAMTOTAL-26JUN161915SFATL-SF8,2026-06-17T04:15:23.012634+00:00,,,57,35,"{""type"": ""ticker"", ""sid"": 1, ""msg"": {""market_id"": ""54f3b081-212a-4a24-ad23-1bf492100a8e"", ""market_ticker"": ""KXMLBTEAMTOTAL-26JUN161915SFATL-SF8"", ""price_dollars"": ""0.2000"", ""yes_bid_dollars"": ""0.0700"", ""yes_ask_dollars"": ""0.6400"", ""volume_fp"": ""5341.70"", ""open_interest_fp"": ""5341.70"", ""dollar_volume"": 2670, ""dollar_open_interest"": 2670, ""yes_bid_size_fp"": ""1.00"", ""yes_ask_size_fp"": ""3.00"", ""last_trade_size_fp"": ""1.00"", ""ts"": 1781669722, ""ts_ms"": 1781669722065, ""time"": ""2026-06-17T04:15:22.065418Z""}}",KXMLBTEAMTOTAL-26JUN161915SFATL,mlb,ATL,SF,,team_total,7,64,36,93,20,5341,5341,ws_ticker
3429284,KXMLBTEAMTOTAL-26JUN162140PITATH-ATH6,2026-06-17T04:15:23.012032+00:00,,,26,77,"{""type"": ""ticker"", ""sid"": 1, ""msg"": {""market_id"": ""ed360a1f-9710-4c68-a1a3-02d5df386a83"", ""market_ticker"": ""KXMLBTEAMTOTAL-26JUN162140PITATH-ATH6"", ""price_dollars"": ""0.7100"", ""yes_bid_dollars"": ""0.6400"", ""yes_ask_dollars"": ""0.9000"", ""volume_fp"": ""15858.16"", ""open_interest_fp"": ""13764.28"", ""dollar_volume"": 7929, ""dollar_open_interest"": 6882, ""yes_bid_size_fp"": ""1.00"", ""yes_ask_size_fp"": ""1.00"", ""last_trade_size_fp"": ""115.94"", ""ts"": 1781669721, ""ts_ms"": 1781669721974, ""time"": ""2026-06-17T04:15:21.974198Z""}}",KXMLBTEAMTOTAL-26JUN162140PITATH,mlb,ATH,PIT,,team_total,64,90,10,36,71,15858,13764,ws_ticker
3429283,KXMLBTEAMTOTAL-26JUN162140PITATH-ATH8,2026-06-17T04:15:23.011468+00:00,,,58,36,"{""type"": ""ticker"", ""sid"": 1, ""msg"": {""market_id"": ""b44f60d5-dd63-43f9-b361-9aadd408d66f"", ""market_ticker"": ""KXMLBTEAMTOTAL-26JUN162140PITATH-ATH8"", ""price_dollars"": ""0.0700"", ""yes_bid_dollars"": ""0.0700"", ""yes_ask_dollars"": ""0.6500"", ""volume_fp"": ""4173.00"", ""open_interest_fp"": ""3067.30"", ""dollar_volume"": 2086, ""dollar_open_interest"": 1533, ""yes_bid_size_fp"": ""914.36"", ""yes_ask_size_fp"": ""1450.00"", ""last_trade_size_fp"": ""535.64"", ""ts"": 1781669721, ""ts_ms"": 1781669721753, ""time"": ""2026-06-17T04:15:21.753423Z""}}",KXMLBTEAMTOTAL-26JUN162140PITATH,mlb,ATH,PIT,,team_total,7,65,35,93,7,4173,3067,ws_ticker
3429282,KXMLBTEAMTOTAL-26JUN162140PITATH-PIT8,2026-06-17T04:15:23.010606+00:00,,,39,26,"{""type"": ""ticker"", ""sid"": 1, ""msg"": {""market_id"": ""1d254009-c1a6-4e0b-97af-854fc91d41b2"", ""market_ticker"": ""KXMLBTEAMTOTAL-26JUN162140PITATH-PIT8"", ""price_dollars"": ""0.4500"", ""yes_bid_dollars"": ""0.0700"", ""yes_ask_dollars"": ""0.4600"", ""volume_fp"": ""1298.02"", ""open_interest_fp"": ""1296.72"", ""dollar_volume"": 649, ""dollar_open_interest"": 648, ""yes_bid_size_fp"": ""1.00"", ""yes_ask_size_fp"": ""1450.00"", ""last_trade_size_fp"": ""0.34"", ""ts"": 1781669721, ""ts_ms"": 1781669721591, ""time"": ""2026-06-17T04:15:21.59117Z""}}",KXMLBTEAMTOTAL-26JUN162140PITATH,mlb,ATH,PIT,,team_total,7,46,54,93,45,1298,1296,ws_ticker
3429281,KXMLBTEAMTOTAL-26JUN162140PITATH-PIT8,2026-06-17T04:15:22.012085+00:00,,,40,27,"{""type"": ""ticker"", ""sid"": 1, ""msg"": {""market_id"": ""1d254009-c1a6-4e0b-97af-854fc91d41b2"", ""market_ticker"": ""KXMLBTEAMTOTAL-26JUN162140PITATH-PIT8"", ""price_dollars"": ""0.4500"", ""yes_bid_dollars"": ""0.0700"", ""yes_ask_dollars"": ""0.4700"", ""volume_fp"": ""1298.02"", ""open_interest_fp"": ""1296.72"", ""dollar_volume"": 649, ""dollar_open_interest"": 648, ""yes_bid_size_fp"": ""1.00"", ""yes_ask_size_fp"": ""299.00"", ""last_trade_size_fp"": ""0.34"", ""ts"": 1781669721, ""ts_ms"": 1781669721535, ""time"": ""2026-06-17T04:15:21.535424Z""}}",KXMLBTEAMTOTAL-26JUN162140PITATH,mlb,ATH,PIT,,team_total,7,47,53,93,45,1298,1296,ws_ticker
3429280,KXMLBTEAMTOTAL-26JUN161915SFATL-SF8,2026-06-17T04:15:22.011580+00:00,,,57,35,"{""type"": ""ticker"", ""sid"": 1, ""msg"": {""market_id"": ""54f3b081-212a-4a24-ad23-1bf492100a8e"", ""market_ticker"": ""KXMLBTEAMTOTAL-26JUN161915SFATL-SF8"", ""price_dollars"": ""0.2000"", ""yes_bid_dollars"": ""0.0700"", ""yes_ask_dollars"": ""0.6400"", ""volume_fp"": ""5341.70"", ""open_interest_fp"": ""5341.70"", ""dollar_volume"": 2670, ""dollar_open_interest"": 2670, ""yes_bid_size_fp"": ""3.00"", ""yes_ask_size_fp"": ""1.00"", ""last_trade_size_fp"": ""1.00"", ""ts"": 1781669721, ""ts_ms"": 1781669721341, ""time"": ""2026-06-17T04:15:21.34174Z""}}",KXMLBTEAMTOTAL-26JUN161915SFATL,mlb,ATL,SF,,team_total,7,64,36,93,20,5341,5341,ws_ticker
3429279,KXMLBTEAMTOTAL-26JUN162140PITATH-ATH6,2026-06-17T04:15:22.011016+00:00,,,25,76,"{""type"": ""ticker"", ""sid"": 1, ""msg"": {""market_id"": ""ed360a1f-9710-4c68-a1a3-02d5df386a83"", ""market_ticker"": ""KXMLBTEAMTOTAL-26JUN162140PITATH-ATH6"", ""price_dollars"": ""0.7100"", ""yes_bid_dollars"": ""0.6400"", ""yes_ask_dollars"": ""0.8900"", ""volume_fp"": ""15858.16"", ""open_interest_fp"": ""13764.28"", ""dollar_volume"": 7929, ""dollar_open_interest"": 6882, ""yes_bid_size_fp"": ""1.00"", ""yes_ask_size_fp"": ""1.00"", ""last_trade_size_fp"": ""115.94"", ""ts"": 1781669721, ""ts_ms"": 1781669721253, ""time"": ""2026-06-17T04:15:21.25371Z""}}",KXMLBTEAMTOTAL-26JUN162140PITATH,mlb,ATH,PIT,,team_total,64,89,11,36,71,15858,13764,ws_ticker
3429278,KXMLBTEAMTOTAL-26JUN162140PITATH-ATH8,2026-06-17T04:15:22.010384+00:00,,,60,37,"{""type"": ""ticker"", ""sid"": 1, ""msg"": {""market_id"": ""b44f60d5-dd63-43f9-b361-9aadd408d66f"", ""market_ticker"": ""KXMLBTEAMTOTAL-26JUN162140PITATH-ATH8"", ""price_dollars"": ""0.0700"", ""yes_bid_dollars"": ""0.0700"", ""yes_ask_dollars"": ""0.6700"", ""volume_fp"": ""4173.00"", ""open_interest_fp"": ""3067.30"", ""dollar_volume"": 2086, ""dollar_open_interest"": 1533, ""yes_bid_size_fp"": ""914.36"", ""yes_ask_size_fp"": ""1450.00"", ""last_trade_size_fp"": ""535.64"", ""ts"": 1781669720, ""ts_ms"": 1781669720752, ""time"": ""2026-06-17T04:15:20.752659Z""}}",KXMLBTEAMTOTAL-26JUN162140PITATH,mlb,ATH,PIT,,team_total,7,67,33,93,7,4173,3067,ws_ticker
3429277,KXMLBTEAMTOTAL-26JUN162140PITATH-PIT7,2026-06-17T04:15:22.009604+00:00,,,31,37,"{""type"": ""ticker"", ""sid"": 1, ""msg"": {""market_id"": ""e18aec3f-027a-4ae6-93ef-a451f4d6ed8b"", ""market_ticker"": ""KXMLBTEAMTOTAL-26JUN162140PITATH-PIT7"", ""price_dollars"": ""0.6100"", ""yes_bid_dollars"": ""0.2200"", ""yes_ask_dollars"": ""0.5300"", ""volume_fp"": ""2224.22"", ""open_interest_fp"": ""2175.06"", ""dollar_volume"": 1112, ""dollar_open_interest"": 1087, ""yes_bid_size_fp"": ""1450.00"", ""yes_ask_size_fp"": ""1450.00"", ""last_trade_size_fp"": ""21.34"", ""ts"": 1781669720, ""ts_ms"": 1781669720737, ""time"": ""2026-06-17T04:15:20.737303Z""}}",KXMLBTEAMTOTAL-26JUN162140PITATH,mlb,ATH,PIT,,team_total,22,53,47,78,61,2224,2175,ws_ticker
3429164,KXMLBTEAMTOTAL-26JUN161915SFATL-SF8,2026-06-17T04:15:21.010680+00:00,,,57,35,"{""type"": ""ticker"", ""sid"": 1, ""msg"": {""market_id"": ""54f3b081-212a-4a24-ad23-1bf492100a8e"", ""market_ticker"": ""KXMLBTEAMTOTAL-26JUN161915SFATL-SF8"", ""price_dollars"": ""0.2000"", ""yes_bid_dollars"": ""0.0700"", ""yes_ask_dollars"": ""0.6400"", ""volume_fp"": ""5341.70"", ""open_interest_fp"": ""5341.70"", ""dollar_volume"": 2670, ""dollar_open_interest"": 2670, ""yes_bid_size_fp"": ""1.00"", ""yes_ask_size_fp"": ""1.00"", ""last_trade_size_fp"": ""1.00"", ""ts"": 1781669720, ""ts_ms"": 1781669720098, ""time"": ""2026-06-17T04:15:20.098603Z""}}",KXMLBTEAMTOTAL-26JUN161915SFATL,mlb,ATL,SF,,team_total,7,64,36,93,20,5341,5341,ws_ticker
3429163,KXMLBTEAMTOTAL-26JUN162140PITATH-ATH6,2026-06-17T04:15:21.010051+00:00,,,20,73,"{""type"": ""ticker"", ""sid"": 1, ""msg"": {""market_id"": ""ed360a1f-9710-4c68-a1a3-02d5df386a83"", ""market_ticker"": ""KXMLBTEAMTOTAL-26JUN162140PITATH-ATH6"", ""price_dollars"": ""0.7100"", ""yes_bid_dollars"": ""0.6300"", ""yes_ask_dollars"": ""0.8300"", ""volume_fp"": ""15858.16"", ""open_interest_fp"": ""13764.28"", ""dollar_volume"": 7929, ""dollar_open_interest"": 6882, ""yes_bid_size_fp"": ""3.00"", ""yes_ask_size_fp"": ""1.00"", ""last_trade_size_fp"": ""115.94"", ""ts"": 1781669719, ""ts_ms"": 1781669719994, ""time"": ""2026-06-17T04:15:19.994795Z""}}",KXMLBTEAMTOTAL-26JUN162140PITATH,mlb,ATH,PIT,,team_total,63,83,17,37,71,15858,13764,ws_ticker
3429162,KXMLBTEAMTOTAL-26JUN162140PITATH-PIT7,2026-06-17T04:15:21.009253+00:00,,,35,37,"{""type"": ""ticker"", ""sid"": 1, ""msg"": {""market_id"": ""e18aec3f-027a-4ae6-93ef-a451f4d6ed8b"", ""market_ticker"": ""KXMLBTEAMTOTAL-26JUN162140PITATH-PIT7"", ""price_dollars"": ""0.6100"", ""yes_bid_dollars"": ""0.2000"", ""yes_ask_dollars"": ""0.5500"", ""volume_fp"": ""2224.22"", ""open_interest_fp"": ""2175.06"", ""dollar_volume"": 1112, ""dollar_open_interest"": 1087, ""yes_bid_size_fp"": ""1450.00"", ""yes_ask_size_fp"": ""1450.00"", ""last_trade_size_fp"": ""21.34"", ""ts"": 1781669719, ""ts_ms"": 1781669719865, ""time"": ""2026-06-17T04:15:19.865441Z""}}",KXMLBTEAMTOTAL-26JUN162140PITATH,mlb,ATH,PIT,,team_total,20,55,45,80,61,2224,2175,ws_ticker
3428499,KXMLBTEAMTOTAL-26JUN162140PITATH-PIT8,2026-06-17T04:15:20.010890+00:00,,,43,28,"{""type"": ""ticker"", ""sid"": 1, ""msg"": {""market_id"": ""1d254009-c1a6-4e0b-97af-854fc91d41b2"", ""market_ticker"": ""KXMLBTEAMTOTAL-26JUN162140PITATH-PIT8"", ""price_dollars"": ""0.4500"", ""yes_bid_dollars"": ""0.0700"", ""yes_ask_dollars"": ""0.5000"", ""volume_fp"": ""1298.02"", ""open_interest_fp"": ""1296.72"", ""dollar_volume"": 649, ""dollar_open_interest"": 648, ""yes_bid_size_fp"": ""1.00"", ""yes_ask_size_fp"": ""1450.00"", ""last_trade_size_fp"": ""0.34"", ""ts"": 1781669719, ""ts_ms"": 1781669719456, ""time"": ""2026-06-17T04:15:19.456437Z""}}",KXMLBTEAMTOTAL-26JUN162140PITATH,mlb,ATH,PIT,,team_total,7,50,50,93,45,1298,1296,ws_ticker
3428498,KXMLBTEAMTOTAL-26JUN161915SFATL-SF8,2026-06-17T04:15:20.010101+00:00,,,57,35,"{""type"": ""ticker"", ""sid"": 1, ""msg"": {""market_id"": ""54f3b081-212a-4a24-ad23-1bf492100a8e"", ""market_ticker"": ""KXMLBTEAMTOTAL-26JUN161915SFATL-SF8"", ""price_dollars"": ""0.2000"", ""yes_bid_dollars"": ""0.0700"", ""yes_ask_dollars"": ""0.6400"", ""volume_fp"": ""5341.70"", ""open_interest_fp"": ""5341.70"", ""dollar_volume"": 2670, ""dollar_open_interest"": 2670, ""yes_bid_size_fp"": ""3.00"", ""yes_ask_size_fp"": ""1.00"", ""last_trade_size_fp"": ""1.00"", ""ts"": 1781669719, ""ts_ms"": 1781669719185, ""time"": ""2026-06-17T04:15:19.185114Z""}}",KXMLBTEAMTOTAL-26JUN161915SFATL,mlb,ATL,SF,,team_total,7,64,36,93,20,5341,5341,ws_ticker
3427997,KXMLBTEAMTOTAL-26JUN162140PITATH-PIT8,2026-06-17T04:15:19.011493+00:00,,,47,30,"{""type"": ""ticker"", ""sid"": 1, ""msg"": {""market_id"": ""1d254009-c1a6-4e0b-97af-854fc91d41b2"", ""market_ticker"": ""KXMLBTEAMTOTAL-26JUN162140PITATH-PIT8"", ""price_dollars"": ""0.4500"", ""yes_bid_dollars"": ""0.0700"", ""yes_ask_dollars"": ""0.5400"", ""volume_fp"": ""1298.02"", ""open_interest_fp"": ""1296.72"", ""dollar_volume"": 649, ""dollar_open_interest"": 648, ""yes_bid_size_fp"": ""1.00"", ""yes_ask_size_fp"": ""1450.00"", ""last_trade_size_fp"": ""0.34"", ""ts"": 1781669718, ""ts_ms"": 1781669718524, ""time"": ""2026-06-17T04:15:18.524029Z""}}",KXMLBTEAMTOTAL-26JUN162140PITATH,mlb,ATH,PIT,,team_total,7,54,46,93,45,1298,1296,ws_ticker
3427996,KXMLBTEAMTOTAL-26JUN161915SFATL-SF8,2026-06-17T04:15:19.010853+00:00,,,57,35,"{""type"": ""ticker"", ""sid"": 1, ""msg"": {""market_id"": ""54f3b081-212a-4a24-ad23-1bf492100a8e"", ""market_ticker"": ""KXMLBTEAMTOTAL-26JUN161915SFATL-SF8"", ""price_dollars"": ""0.2000"", ""yes_bid_dollars"": ""0.0700"", ""yes_ask_dollars"": ""0.6400"", ""volume_fp"": ""5341.70"", ""open_interest_fp"": ""5341.70"", ""dollar_volume"": 2670, ""dollar_open_interest"": 2670, ""yes_bid_size_fp"": ""1.00"", ""yes_ask_size_fp"": ""1.00"", ""last_trade_size_fp"": ""1.00"", ""ts"": 1781669718, ""ts_ms"": 1781669718246, ""time"": ""2026-06-17T04:15:18.246144Z""}}",KXMLBTEAMTOTAL-26JUN161915SFATL,mlb,ATL,SF,,team_total,7,64,36,93,20,5341,5341,ws_ticker
3427995,KXMLBTEAMTOTAL-26JUN162140PITATH-PIT7,2026-06-17T04:15:19.010207+00:00,,,30,42,"{""type"": ""ticker"", ""sid"": 1, ""msg"": {""market_id"": ""e18aec3f-027a-4ae6-93ef-a451f4d6ed8b"", ""market_ticker"": ""KXMLBTEAMTOTAL-26JUN162140PITATH-PIT7"", ""price_dollars"": ""0.6100"", ""yes_bid_dollars"": ""0.2700"", ""yes_ask_dollars"": ""0.5700"", ""volume_fp"": ""2224.22"", ""open_interest_fp"": ""2175.06"", ""dollar_volume"": 1112, ""dollar_open_interest"": 1087, ""yes_bid_size_fp"": ""7.00"", ""yes_ask_size_fp"": ""1450.00"", ""last_trade_size_fp"": ""21.34"", ""ts"": 1781669717, ""ts_ms"": 1781669717921, ""time"": ""2026-06-17T04:15:17.921209Z""}}",KXMLBTEAMTOTAL-26JUN162140PITATH,mlb,ATH,PIT,,team_total,27,57,43,73,61,2224,2175,ws_ticker
3427994,KXMLBTEAMTOTAL-26JUN162140PITATH-ATH8,2026-06-17T04:15:19.009588+00:00,,,62,38,"{""type"": ""ticker"", ""sid"": 1, ""msg"": {""market_id"": ""b44f60d5-dd63-43f9-b361-9aadd408d66f"", ""market_ticker"": ""KXMLBTEAMTOTAL-26JUN162140PITATH-ATH8"", ""price_dollars"": ""0.0700"", ""yes_bid_dollars"": ""0.0700"", ""yes_ask_dollars"": ""0.6900"", ""volume_fp"": ""4173.00"", ""open_interest_fp"": ""3067.30"", ""dollar_volume"": 2086, ""dollar_open_interest"": 1533, ""yes_bid_size_fp"": ""914.36"", ""yes_ask_size_fp"": ""1450.00"", ""last_trade_size_fp"": ""535.64"", ""ts"": 1781669717, ""ts_ms"": 1781669717921, ""time"": ""2026-06-17T04:15:17.921016Z""}}",KXMLBTEAMTOTAL-26JUN162140PITATH,mlb,ATH,PIT,,team_total,7,69,31,93,7,4173,3067,ws_ticker
3427403,KXMLBTEAMTOTAL-26JUN161915SFATL-SF8,2026-06-17T04:15:18.076877+00:00,,,57,35,"{""type"": ""ticker"", ""sid"": 1, ""msg"": {""market_id"": ""54f3b081-212a-4a24-ad23-1bf492100a8e"", ""market_ticker"": ""KXMLBTEAMTOTAL-26JUN161915SFATL-SF8"", ""price_dollars"": ""0.2000"", ""yes_bid_dollars"": ""0.0700"", ""yes_ask_dollars"": ""0.6400"", ""volume_fp"": ""5341.70"", ""open_interest_fp"": ""5341.70"", ""dollar_volume"": 2670, ""dollar_open_interest"": 2670, ""yes_bid_size_fp"": ""3.00"", ""yes_ask_size_fp"": ""1.00"", ""last_trade_size_fp"": ""1.00"", ""ts"": 1781669717, ""ts_ms"": 1781669717046, ""time"": ""2026-06-17T04:15:17.046821Z""}}",KXMLBTEAMTOTAL-26JUN161915SFATL,mlb,ATL,SF,,team_total,7,64,36,93,20,5341,5341,ws_ticker
3427402,KXMLBTEAMTOTAL-26JUN162140PITATH-PIT8,2026-06-17T04:15:18.076310+00:00,,,49,31,"{""type"": ""ticker"", ""sid"": 1, ""msg"": {""market_id"": ""1d254009-c1a6-4e0b-97af-854fc91d41b2"", ""market_ticker"": ""KXMLBTEAMTOTAL-26JUN162140PITATH-PIT8"", ""price_dollars"": ""0.4500"", ""yes_bid_dollars"": ""0.0700"", ""yes_ask_dollars"": ""0.5600"", ""volume_fp"": ""1298.02"", ""open_interest_fp"": ""1296.72"", ""dollar_volume"": 649, ""dollar_open_interest"": 648, ""yes_bid_size_fp"": ""1.00"", ""yes_ask_size_fp"": ""1450.00"", ""last_trade_size_fp"": ""0.34"", ""ts"": 1781669716, ""ts_ms"": 1781669716955, ""time"": ""2026-06-17T04:15:16.955404Z""}}",KXMLBTEAMTOTAL-26JUN162140PITATH,mlb,ATH,PIT,,team_total,7,56,44,93,45,1298,1296,ws_ticker
3427317,KXMLBTEAMTOTAL-26JUN162140PITATH-PIT8,2026-06-17T04:15:17.035260+00:00,,,45,33,"{""type"": ""ticker"", ""sid"": 1, ""msg"": {""market_id"": ""1d254009-c1a6-4e0b-97af-854fc91d41b2"", ""market_ticker"": ""KXMLBTEAMTOTAL-26JUN162140PITATH-PIT8"", ""price_dollars"": ""0.4500"", ""yes_bid_dollars"": ""0.1100"", ""yes_ask_dollars"": ""0.5600"", ""volume_fp"": ""1298.02"", ""open_interest_fp"": ""1296.72"", ""dollar_volume"": 649, ""dollar_open_interest"": 648, ""yes_bid_size_fp"": ""1450.00"", ""yes_ask_size_fp"": ""1450.00"", ""last_trade_size_fp"": ""0.34"", ""ts"": 1781669716, ""ts_ms"": 1781669716485, ""time"": ""2026-06-17T04:15:16.485829Z""}}",KXMLBTEAMTOTAL-26JUN162140PITATH,mlb,ATH,PIT,,team_total,11,56,44,89,45,1298,1296,ws_ticker
3427316,KXMLBTEAMTOTAL-26JUN161915SFATL-SF8,2026-06-17T04:15:17.034634+00:00,,,57,35,"{""type"": ""ticker"", ""sid"": 1, ""msg"": {""market_id"": ""54f3b081-212a-4a24-ad23-1bf492100a8e"", ""market_ticker"": ""KXMLBTEAMTOTAL-26JUN161915SFATL-SF8"", ""price_dollars"": ""0.2000"", ""yes_bid_dollars"": ""0.0700"", ""yes_ask_dollars"": ""0.6400"", ""volume_fp"": ""5341.70"", ""open_interest_fp"": ""5341.70"", ""dollar_volume"": 2670, ""dollar_open_interest"": 2670, ""yes_bid_size_fp"": ""1.00"", ""yes_ask_size_fp"": ""3.00"", ""last_trade_size_fp"": ""1.00"", ""ts"": 1781669716, ""ts_ms"": 1781669716115, ""time"": ""2026-06-17T04:15:16.115345Z""}}",KXMLBTEAMTOTAL-26JUN161915SFATL,mlb,ATL,SF,,team_total,7,64,36,93,20,5341,5341,ws_ticker
3427189,KXMLBTEAMTOTAL-26JUN162140PITATH-PIT8,2026-06-17T04:15:16.010811+00:00,,,53,33,"{""type"": ""ticker"", ""sid"": 1, ""msg"": {""market_id"": ""1d254009-c1a6-4e0b-97af-854fc91d41b2"", ""market_ticker"": ""KXMLBTEAMTOTAL-26JUN162140PITATH-PIT8"", ""price_dollars"": ""0.4500"", ""yes_bid_dollars"": ""0.0700"", ""yes_ask_dollars"": ""0.6000"", ""volume_fp"": ""1298.02"", ""open_interest_fp"": ""1296.72"", ""dollar_volume"": 649, ""dollar_open_interest"": 648, ""yes_bid_size_fp"": ""1451.00"", ""yes_ask_size_fp"": ""1450.00"", ""last_trade_size_fp"": ""0.34"", ""ts"": 1781669715, ""ts_ms"": 1781669715576, ""time"": ""2026-06-17T04:15:15.576754Z""}}",KXMLBTEAMTOTAL-26JUN162140PITATH,mlb,ATH,PIT,,team_total,7,60,40,93,45,1298,1296,ws_ticker
3427188,KXMLBTEAMTOTAL-26JUN161915SFATL-SF8,2026-06-17T04:15:16.010073+00:00,,,57,35,"{""type"": ""ticker"", ""sid"": 1, ""msg"": {""market_id"": ""54f3b081-212a-4a24-ad23-1bf492100a8e"", ""market_ticker"": ""KXMLBTEAMTOTAL-26JUN161915SFATL-SF8"", ""price_dollars"": ""0.2000"", ""yes_bid_dollars"": ""0.0700"", ""yes_ask_dollars"": ""0.6400"", ""volume_fp"": ""5341.70"", ""open_interest_fp"": ""5341.70"", ""dollar_volume"": 2670, ""dollar_open_interest"": 2670, ""yes_bid_size_fp"": ""3.00"", ""yes_ask_size_fp"": ""1.00"", ""last_trade_size_fp"": ""1.00"", ""ts"": 1781669715, ""ts_ms"": 1781669715159, ""time"": ""2026-06-17T04:15:15.159704Z""}}",KXMLBTEAMTOTAL-26JUN161915SFATL,mlb,ATL,SF,,team_total,7,64,36,93,20,5341,5341,ws_ticker
3426688,KXMLBF5SPREAD-26JUN122215CHCSF-CHC2,2026-06-17T04:15:15.022711+00:00,[],[],2,97,"{""orderbook"": {""orderbook_fp"": {""no_dollars"": [], ""yes_dollars"": []}}}",KXMLBF5SPREAD-26JUN122215CHCSF,mlb,SF,CHC,,f5_spread,96,98,,,96,,,rest_batch
3426689,KXMLBF5SPREAD-26JUN122215CHCSF-CHC3,2026-06-17T04:15:15.022711+00:00,[],[],2,95,"{""orderbook"": {""orderbook_fp"": {""no_dollars"": [], ""yes_dollars"": []}}}",KXMLBF5SPREAD-26JUN122215CHCSF,mlb,SF,CHC,,f5_spread,94,96,,,95,,,rest_batch
3426690,KXMLBF5SPREAD-26JUN122215CHCSF-SF2,2026-06-17T04:15:15.022711+00:00,[],[],,,"{""orderbook"": {""orderbook_fp"": {""no_dollars"": [], ""yes_dollars"": []}}}",KXMLBF5SPREAD-26JUN122215CHCSF,mlb,SF,CHC,,f5_spread,,1,,,1,,,rest_batch
3426691,KXMLBF5SPREAD-26JUN122215CHCSF-SF3,2026-06-17T04:15:15.022711+00:00,[],[],,,"{""orderbook"": {""orderbook_fp"": {""no_dollars"": [], ""yes_dollars"": []}}}",KXMLBF5SPREAD-26JUN122215CHCSF,mlb,SF,CHC,,f5_spread,,1,,,1,,,rest_batch
3426692,KXMLBF5SPREAD-26JUN131410STLMIN-MIN2,2026-06-17T04:15:15.022711+00:00,[],[],2,30,"{""orderbook"": {""orderbook_fp"": {""no_dollars"": [], ""yes_dollars"": []}}}",KXMLBF5SPREAD-26JUN131410STLMIN,mlb,MIN,STL,,f5_spread,29,31,,,,,,rest_batch
3426693,KXMLBF5SPREAD-26JUN131410STLMIN-MIN3,2026-06-17T04:15:15.022711+00:00,[],[],2,20,"{""orderbook"": {""orderbook_fp"": {""no_dollars"": [], ""yes_dollars"": []}}}",KXMLBF5SPREAD-26JUN131410STLMIN,mlb,MIN,STL,,f5_spread,19,21,,,,,,rest_batch
3426694,KXMLBF5SPREAD-26JUN131410STLMIN-STL2,2026-06-17T04:15:15.022711+00:00,[],[],2,28,"{""orderbook"": {""orderbook_fp"": {""no_dollars"": [], ""yes_dollars"": []}}}",KXMLBF5SPREAD-26JUN131410STLMIN,mlb,MIN,STL,,f5_spread,27,29,,,,,,rest_batch
3426695,KXMLBF5SPREAD-26JUN131410STLMIN-STL3,2026-06-17T04:15:15.022711+00:00,[],[],3,18,"{""orderbook"": {""orderbook_fp"": {""no_dollars"": [], ""yes_dollars"": []}}}",KXMLBF5SPREAD-26JUN131410STLMIN,mlb,MIN,STL,,f5_spread,17,20,,,,,,rest_batch
3426696,KXMLBF5SPREAD-26JUN131507NYYTOR-NYY2,2026-06-17T04:15:15.022711+00:00,[],[],2,30,"{""orderbook"": {""orderbook_fp"": {""no_dollars"": [], ""yes_dollars"": []}}}",KXMLBF5SPREAD-26JUN131507NYYTOR,mlb,TOR,NYY,,f5_spread,29,31,,,,,,rest_batch
3426697,KXMLBF5SPREAD-26JUN131507NYYTOR-NYY3,2026-06-17T04:15:15.022711+00:00,[],[],2,20,"{""orderbook"": {""orderbook_fp"": {""no_dollars"": [], ""yes_dollars"": []}}}",KXMLBF5SPREAD-26JUN131507NYYTOR,mlb,TOR,NYY,,f5_spread,19,21,,,,,,rest_batch
3426698,KXMLBF5SPREAD-26JUN131507NYYTOR-TOR2,2026-06-17T04:15:15.022711+00:00,[],[],2,25,"{""orderbook"": {""orderbook_fp"": {""no_dollars"": [], ""yes_dollars"": []}}}",KXMLBF5SPREAD-26JUN131507NYYTOR,mlb,TOR,NYY,,f5_spread,24,26,,,,,,rest_batch
3426699,KXMLBF5SPREAD-26JUN131507NYYTOR-TOR3,2026-06-17T04:15:15.022711+00:00,[],[],2,15,"{""orderbook"": {""orderbook_fp"": {""no_dollars"": [], ""yes_dollars"": []}}}",KXMLBF5SPREAD-26JUN131507NYYTOR,mlb,TOR,NYY,,f5_spread,14,16,,,13,,,rest_batch
3426700,KXMLBF5SPREAD-26JUN131605SDBAL-BAL2,2026-06-17T04:15:15.022711+00:00,[],[],2,35,"{""orderbook"": {""orderbook_fp"": {""no_dollars"": [], ""yes_dollars"": []}}}",KXMLBF5SPREAD-26JUN131605SDBAL,mlb,BAL,SD,,f5_spread,34,36,,,,,,rest_batch
3426701,KXMLBF5SPREAD-26JUN131605SDBAL-BAL3,2026-06-17T04:15:15.022711+00:00,[],[],2,25,"{""orderbook"": {""orderbook_fp"": {""no_dollars"": [], ""yes_dollars"": []}}}",KXMLBF5SPREAD-26JUN131605SDBAL,mlb,BAL,SD,,f5_spread,24,26,,,,,,rest_batch
3426702,KXMLBF5SPREAD-26JUN131605SDBAL-SD2,2026-06-17T04:15:15.022711+00:00,[],[],2,27,"{""orderbook"": {""orderbook_fp"": {""no_dollars"": [], ""yes_dollars"": []}}}",KXMLBF5SPREAD-26JUN131605SDBAL,mlb,BAL,SD,,f5_spread,26,28,,,,,,rest_batch
3426703,KXMLBF5SPREAD-26JUN131605SDBAL-SD3,2026-06-17T04:15:15.022711+00:00,[],[],3,18,"{""orderbook"": {""orderbook_fp"": {""no_dollars"": [], ""yes_dollars"": []}}}",KXMLBF5SPREAD-26JUN131605SDBAL,mlb,BAL,SD,,f5_spread,17,20,,,,,,rest_batch
3426704,KXMLBF5SPREAD-26JUN131605SEAWSH-SEA2,2026-06-17T04:15:15.022711+00:00,[],[],2,27,"{""orderbook"": {""orderbook_fp"": {""no_dollars"": [], ""yes_dollars"": []}}}",KXMLBF5SPREAD-26JUN131605SEAWSH,mlb,WSH,SEA,,f5_spread,26,28,,,,,,rest_batch
3426705,KXMLBF5SPREAD-26JUN131605SEAWSH-SEA3,2026-06-17T04:15:15.022711+00:00,[],[],3,17,"{""orderbook"": {""orderbook_fp"": {""no_dollars"": [], ""yes_dollars"": []}}}",KXMLBF5SPREAD-26JUN131605SEAWSH,mlb,WSH,SEA,,f5_spread,16,19,,,,,,rest_batch
3426706,KXMLBF5SPREAD-26JUN131605SEAWSH-WSH2,2026-06-17T04:15:15.022711+00:00,[],[],4,30,"{""orderbook"": {""orderbook_fp"": {""no_dollars"": [], ""yes_dollars"": []}}}",KXMLBF5SPREAD-26JUN131605SEAWSH,mlb,WSH,SEA,,f5_spread,28,32,,,,,,rest_batch
3426707,KXMLBF5SPREAD-26JUN131605SEAWSH-WSH3,2026-06-17T04:15:15.022711+00:00,[],[],7,18,"{""orderbook"": {""orderbook_fp"": {""no_dollars"": [], ""yes_dollars"": []}}}",KXMLBF5SPREAD-26JUN131605SEAWSH,mlb,WSH,SEA,,f5_spread,15,22,,,,,,rest_batch
3426708,KXMLBF5SPREAD-26JUN131610ATLNYM-ATL2,2026-06-17T04:15:15.022711+00:00,[],[],36,38,"{""orderbook"": {""orderbook_fp"": {""no_dollars"": [], ""yes_dollars"": []}}}",KXMLBF5SPREAD-26JUN131610ATLNYM,mlb,NYM,ATL,,f5_spread,20,56,,,,,,rest_batch
3426709,KXMLBF5SPREAD-26JUN131610ATLNYM-ATL3,2026-06-17T04:15:15.022711+00:00,[],[],37,29,"{""orderbook"": {""orderbook_fp"": {""no_dollars"": [], ""yes_dollars"": []}}}",KXMLBF5SPREAD-26JUN131610ATLNYM,mlb,NYM,ATL,,f5_spread,11,48,,,,,,rest_batch
3426710,KXMLBF5SPREAD-26JUN131610ATLNYM-NYM2,2026-06-17T04:15:15.022711+00:00,[],[],35,38,"{""orderbook"": {""orderbook_fp"": {""no_dollars"": [], ""yes_dollars"": []}}}",KXMLBF5SPREAD-26JUN131610ATLNYM,mlb,NYM,ATL,,f5_spread,21,56,,,,,,rest_batch
3426711,KXMLBF5SPREAD-26JUN131610ATLNYM-NYM3,2026-06-17T04:15:15.022711+00:00,[],[],46,33,"{""orderbook"": {""orderbook_fp"": {""no_dollars"": [], ""yes_dollars"": []}}}",KXMLBF5SPREAD-26JUN131610ATLNYM,mlb,NYM,ATL,,f5_spread,10,56,,,,,,rest_batch
3426712,KXMLBF5SPREAD-26JUN131610AZCIN-AZ2,2026-06-17T04:15:15.022711+00:00,[],[],2,35,"{""orderbook"": {""orderbook_fp"": {""no_dollars"": [], ""yes_dollars"": []}}}",KXMLBF5SPREAD-26JUN131610AZCIN,mlb,CIN,AZ,,f5_spread,34,36,,,36,,,rest_batch
3426713,KXMLBF5SPREAD-26JUN131610AZCIN-AZ3,2026-06-17T04:15:15.022711+00:00,[],[],4,25,"{""orderbook"": {""orderbook_fp"": {""no_dollars"": [], ""yes_dollars"": []}}}",KXMLBF5SPREAD-26JUN131610AZCIN,mlb,CIN,AZ,,f5_spread,23,27,,,,,,rest_batch
3426714,KXMLBF5SPREAD-26JUN131610AZCIN-CIN2,2026-06-17T04:15:15.022711+00:00,[],[],2,25,"{""orderbook"": {""orderbook_fp"": {""no_dollars"": [], ""yes_dollars"": []}}}",KXMLBF5SPREAD-26JUN131610AZCIN,mlb,CIN,AZ,,f5_spread,24,26,,,,,,rest_batch
3426715,KXMLBF5SPREAD-26JUN131610AZCIN-CIN3,2026-06-17T04:15:15.022711+00:00,[],[],2,16,"{""orderbook"": {""orderbook_fp"": {""no_dollars"": [], ""yes_dollars"": []}}}",KXMLBF5SPREAD-26JUN131610AZCIN,mlb,CIN,AZ,,f5_spread,15,17,,,,,,rest_batch
3426716,KXMLBF5SPREAD-26JUN131610DETCLE-CLE2,2026-06-17T04:15:15.022711+00:00,[],[],3,20,"{""orderbook"": {""orderbook_fp"": {""no_dollars"": [], ""yes_dollars"": []}}}",KXMLBF5SPREAD-26JUN131610DETCLE,mlb,CLE,DET,,f5_spread,19,22,,,,,,rest_batch
3426717,KXMLBF5SPREAD-26JUN131610DETCLE-CLE3,2026-06-17T04:15:15.022711+00:00,[],[],9,10,"{""orderbook"": {""orderbook_fp"": {""no_dollars"": [], ""yes_dollars"": []}}}",KXMLBF5SPREAD-26JUN131610DETCLE,mlb,CLE,DET,,f5_spread,6,15,,,,,,rest_batch
3426718,KXMLBF5SPREAD-26JUN131610DETCLE-DET2,2026-06-17T04:15:15.022711+00:00,[],[],2,35,"{""orderbook"": {""orderbook_fp"": {""no_dollars"": [], ""yes_dollars"": []}}}",KXMLBF5SPREAD-26JUN131610DETCLE,mlb,CLE,DET,,f5_spread,34,36,,,,,,rest_batch
3426719,KXMLBF5SPREAD-26JUN131610DETCLE-DET3,2026-06-17T04:15:15.022711+00:00,[],[],2,24,"{""orderbook"": {""orderbook_fp"": {""no_dollars"": [], ""yes_dollars"": []}}}",KXMLBF5SPREAD-26JUN131610DETCLE,mlb,CLE,DET,,f5_spread,23,25,,,,,,rest_batch
3426720,KXMLBF5SPREAD-26JUN131610LADCWS-CWS2,2026-06-17T04:15:15.022711+00:00,[],[],2,18,"{""orderbook"": {""orderbook_fp"": {""no_dollars"": [], ""yes_dollars"": []}}}",KXMLBF5SPREAD-26JUN131610LADCWS,mlb,CWS,LAD,,f5_spread,17,19,,,,,,rest_batch
3426721,KXMLBF5SPREAD-26JUN131610LADCWS-CWS3,2026-06-17T04:15:15.022711+00:00,[],[],6,12,"{""orderbook"": {""orderbook_fp"": {""no_dollars"": [], ""yes_dollars"": []}}}",KXMLBF5SPREAD-26JUN131610LADCWS,mlb,CWS,LAD,,f5_spread,9,15,,,,,,rest_batch
3426722,KXMLBF5SPREAD-26JUN131610LADCWS-LAD2,2026-06-17T04:15:15.022711+00:00,[],[],3,39,"{""orderbook"": {""orderbook_fp"": {""no_dollars"": [], ""yes_dollars"": []}}}",KXMLBF5SPREAD-26JUN131610LADCWS,mlb,CWS,LAD,,f5_spread,38,41,,,30,,,rest_batch
3426723,KXMLBF5SPREAD-26JUN131610LADCWS-LAD3,2026-06-17T04:15:15.022711+00:00,[],[],3,27,"{""orderbook"": {""orderbook_fp"": {""no_dollars"": [], ""yes_dollars"": []}}}",KXMLBF5SPREAD-26JUN131610LADCWS,mlb,CWS,LAD,,f5_spread,26,29,,,,,,rest_batch
3426724,KXMLBF5SPREAD-26JUN131610TEXBOS-BOS2,2026-06-17T04:15:15.022711+00:00,[],[],2,28,"{""orderbook"": {""orderbook_fp"": {""no_dollars"": [], ""yes_dollars"": []}}}",KXMLBF5SPREAD-26JUN131610TEXBOS,mlb,BOS,TEX,,f5_spread,27,29,,,,,,rest_batch
3426725,KXMLBF5SPREAD-26JUN131610TEXBOS-BOS3,2026-06-17T04:15:15.022711+00:00,[],[],2,18,"{""orderbook"": {""orderbook_fp"": {""no_dollars"": [], ""yes_dollars"": []}}}",KXMLBF5SPREAD-26JUN131610TEXBOS,mlb,BOS,TEX,,f5_spread,17,19,,,,,,rest_batch
3426726,KXMLBF5SPREAD-26JUN131610TEXBOS-TEX2,2026-06-17T04:15:15.022711+00:00,[],[],2,27,"{""orderbook"": {""orderbook_fp"": {""no_dollars"": [], ""yes_dollars"": []}}}",KXMLBF5SPREAD-26JUN131610TEXBOS,mlb,BOS,TEX,,f5_spread,26,28,,,,,,rest_batch
3426727,KXMLBF5SPREAD-26JUN131610TEXBOS-TEX3,2026-06-17T04:15:15.022711+00:00,[],[],2,17,"{""orderbook"": {""orderbook_fp"": {""no_dollars"": [], ""yes_dollars"": []}}}",KXMLBF5SPREAD-26JUN131610TEXBOS,mlb,BOS,TEX,,f5_spread,16,18,,,,,,rest_batch
3426728,KXMLBF5SPREAD-26JUN131910HOUKC-HOU2,2026-06-17T04:15:15.022711+00:00,[],[],2,26,"{""orderbook"": {""orderbook_fp"": {""no_dollars"": [], ""yes_dollars"": []}}}",KXMLBF5SPREAD-26JUN131910HOUKC,mlb,KC,HOU,,f5_spread,25,27,,,,,,rest_batch
3426729,KXMLBF5SPREAD-26JUN131910HOUKC-HOU3,2026-06-17T04:15:15.022711+00:00,[],[],3,17,"{""orderbook"": {""orderbook_fp"": {""no_dollars"": [], ""yes_dollars"": []}}}",KXMLBF5SPREAD-26JUN131910HOUKC,mlb,KC,HOU,,f5_spread,16,19,,,,,,rest_batch
3426730,KXMLBF5SPREAD-26JUN131910HOUKC-KC2,2026-06-17T04:15:15.022711+00:00,[],[],2,33,"{""orderbook"": {""orderbook_fp"": {""no_dollars"": [], ""yes_dollars"": []}}}",KXMLBF5SPREAD-26JUN131910HOUKC,mlb,KC,HOU,,f5_spread,32,34,,,,,,rest_batch
3426731,KXMLBF5SPREAD-26JUN131910HOUKC-KC3,2026-06-17T04:15:15.022711+00:00,[],[],2,22,"{""orderbook"": {""orderbook_fp"": {""no_dollars"": [], ""yes_dollars"": []}}}",KXMLBF5SPREAD-26JUN131910HOUKC,mlb,KC,HOU,,f5_spread,21,23,,,,,,rest_batch
3426732,KXMLBF5SPREAD-26JUN131910PHIMIL-MIL2,2026-06-17T04:15:15.022711+00:00,[],[],2,33,"{""orderbook"": {""orderbook_fp"": {""no_dollars"": [], ""yes_dollars"": []}}}",KXMLBF5SPREAD-26JUN131910PHIMIL,mlb,MIL,PHI,,f5_spread,32,34,,,,,,rest_batch
3426733,KXMLBF5SPREAD-26JUN131910PHIMIL-MIL3,2026-06-17T04:15:15.022711+00:00,[],[],3,22,"{""orderbook"": {""orderbook_fp"": {""no_dollars"": [], ""yes_dollars"": []}}}",KXMLBF5SPREAD-26JUN131910PHIMIL,mlb,MIL,PHI,,f5_spread,21,24,,,,,,rest_batch
3426734,KXMLBF5SPREAD-26JUN131910PHIMIL-PHI2,2026-06-17T04:15:15.022711+00:00,[],[],2,26,"{""orderbook"": {""orderbook_fp"": {""no_dollars"": [], ""yes_dollars"": []}}}",KXMLBF5SPREAD-26JUN131910PHIMIL,mlb,MIL,PHI,,f5_spread,25,27,,,,,,rest_batch
3426735,KXMLBF5SPREAD-26JUN131910PHIMIL-PHI3,2026-06-17T04:15:15.022711+00:00,[],[],2,16,"{""orderbook"": {""orderbook_fp"": {""no_dollars"": [], ""yes_dollars"": []}}}",KXMLBF5SPREAD-26JUN131910PHIMIL,mlb,MIL,PHI,,f5_spread,15,17,,,,,,rest_batch
3426736,KXMLBF5SPREAD-26JUN132205CHCSF-CHC2,2026-06-17T04:15:15.022711+00:00,[],[],3,31,"{""orderbook"": {""orderbook_fp"": {""no_dollars"": [], ""yes_dollars"": []}}}",KXMLBF5SPREAD-26JUN132205CHCSF,mlb,SF,CHC,,f5_spread,30,33,,,,,,rest_batch
3426737,KXMLBF5SPREAD-26JUN132205CHCSF-CHC3,2026-06-17T04:15:15.022711+00:00,[],[],3,20,"{""orderbook"": {""orderbook_fp"": {""no_dollars"": [], ""yes_dollars"": []}}}",KXMLBF5SPREAD-26JUN132205CHCSF,mlb,SF,CHC,,f5_spread,19,22,,,,,,rest_batch
3426738,KXMLBF5SPREAD-26JUN132205CHCSF-SF2,2026-06-17T04:15:15.022711+00:00,[],[],1,24,"{""orderbook"": {""orderbook_fp"": {""no_dollars"": [], ""yes_dollars"": []}}}",KXMLBF5SPREAD-26JUN132205CHCSF,mlb,SF,CHC,,f5_spread,24,25,,,31,,,rest_batch
3426739,KXMLBF5SPREAD-26JUN132205CHCSF-SF3,2026-06-17T04:15:15.022711+00:00,[],[],3,15,"{""orderbook"": {""orderbook_fp"": {""no_dollars"": [], ""yes_dollars"": []}}}",KXMLBF5SPREAD-26JUN132205CHCSF,mlb,SF,CHC,,f5_spread,14,17,,,,,,rest_batch
3426740,KXMLBF5SPREAD-26JUN132205COLATH-ATH2,2026-06-17T04:15:15.022711+00:00,[],[],2,42,"{""orderbook"": {""orderbook_fp"": {""no_dollars"": [], ""yes_dollars"": []}}}",KXMLBF5SPREAD-26JUN132205COLATH,mlb,ATH,COL,,f5_spread,41,43,,,,,,rest_batch
3426741,KXMLBF5SPREAD-26JUN132205COLATH-ATH3,2026-06-17T04:15:15.022711+00:00,[],[],2,31,"{""orderbook"": {""orderbook_fp"": {""no_dollars"": [], ""yes_dollars"": []}}}",KXMLBF5SPREAD-26JUN132205COLATH,mlb,ATH,COL,,f5_spread,30,32,,,,,,rest_batch
3426742,KXMLBF5SPREAD-26JUN132205COLATH-COL2,2026-06-17T04:15:15.022711+00:00,[],[],1,27,"{""orderbook"": {""orderbook_fp"": {""no_dollars"": [], ""yes_dollars"": []}}}",KXMLBF5SPREAD-26JUN132205COLATH,mlb,ATH,COL,,f5_spread,27,28,,,,,,rest_batch
3426743,KXMLBF5SPREAD-26JUN132205COLATH-COL3,2026-06-17T04:15:15.022711+00:00,[],[],14,13,"{""orderbook"": {""orderbook_fp"": {""no_dollars"": [], ""yes_dollars"": []}}}",KXMLBF5SPREAD-26JUN132205COLATH,mlb,ATH,COL,,f5_spread,6,20,,,,,,rest_batch
3426744,KXMLBF5SPREAD-26JUN141215MIAPIT-MIA2,2026-06-17T04:15:15.022711+00:00,[],[],1,18,"{""orderbook"": {""orderbook_fp"": {""no_dollars"": [], ""yes_dollars"": []}}}",KXMLBF5SPREAD-26JUN141215MIAPIT,mlb,PIT,MIA,,f5_spread,18,19,,,18,,,rest_batch
3426745,KXMLBF5SPREAD-26JUN141215MIAPIT-MIA3,2026-06-17T04:15:15.022711+00:00,[],[],6,11,"{""orderbook"": {""orderbook_fp"": {""no_dollars"": [], ""yes_dollars"": []}}}",KXMLBF5SPREAD-26JUN141215MIAPIT,mlb,PIT,MIA,,f5_spread,8,14,,,7,,,rest_batch
3426746,KXMLBF5SPREAD-26JUN141215MIAPIT-PIT2,2026-06-17T04:15:15.022711+00:00,[],[],2,34,"{""orderbook"": {""orderbook_fp"": {""no_dollars"": [], ""yes_dollars"": []}}}",KXMLBF5SPREAD-26JUN141215MIAPIT,mlb,PIT,MIA,,f5_spread,33,35,,,35,,,rest_batch
3426747,KXMLBF5SPREAD-26JUN141215MIAPIT-PIT3,2026-06-17T04:15:15.022711+00:00,[],[],3,22,"{""orderbook"": {""orderbook_fp"": {""no_dollars"": [], ""yes_dollars"": []}}}",KXMLBF5SPREAD-26JUN141215MIAPIT,mlb,PIT,MIA,,f5_spread,21,24,,,24,,,rest_batch
3426748,KXMLBF5SPREAD-26JUN141335SDBAL-BAL2,2026-06-17T04:15:15.022711+00:00,[],[],1,36,"{""orderbook"": {""orderbook_fp"": {""no_dollars"": [], ""yes_dollars"": []}}}",KXMLBF5SPREAD-26JUN141335SDBAL,mlb,BAL,SD,,f5_spread,36,37,,,36,,,rest_batch
3426749,KXMLBF5SPREAD-26JUN141335SDBAL-BAL3,2026-06-17T04:15:15.022711+00:00,[],[],2,26,"{""orderbook"": {""orderbook_fp"": {""no_dollars"": [], ""yes_dollars"": []}}}",KXMLBF5SPREAD-26JUN141335SDBAL,mlb,BAL,SD,,f5_spread,25,27,,,24,,,rest_batch
3426750,KXMLBF5SPREAD-26JUN141335SDBAL-SD2,2026-06-17T04:15:15.022711+00:00,[],[],3,27,"{""orderbook"": {""orderbook_fp"": {""no_dollars"": [], ""yes_dollars"": []}}}",KXMLBF5SPREAD-26JUN141335SDBAL,mlb,BAL,SD,,f5_spread,26,29,,,29,,,rest_batch
3426751,KXMLBF5SPREAD-26JUN141335SDBAL-SD3,2026-06-17T04:15:15.022711+00:00,[],[],1,17,"{""orderbook"": {""orderbook_fp"": {""no_dollars"": [], ""yes_dollars"": []}}}",KXMLBF5SPREAD-26JUN141335SDBAL,mlb,BAL,SD,,f5_spread,17,18,,,19,,,rest_batch
3426752,KXMLBF5SPREAD-26JUN141335SEAWSH-SEA2,2026-06-17T04:15:15.022711+00:00,[],[],3,36,"{""orderbook"": {""orderbook_fp"": {""no_dollars"": [], ""yes_dollars"": []}}}",KXMLBF5SPREAD-26JUN141335SEAWSH,mlb,WSH,SEA,,f5_spread,35,38,,,40,,,rest_batch
3426753,KXMLBF5SPREAD-26JUN141335SEAWSH-SEA3,2026-06-17T04:15:15.022711+00:00,[],[],2,26,"{""orderbook"": {""orderbook_fp"": {""no_dollars"": [], ""yes_dollars"": []}}}",KXMLBF5SPREAD-26JUN141335SEAWSH,mlb,WSH,SEA,,f5_spread,25,27,,,29,,,rest_batch
3426754,KXMLBF5SPREAD-26JUN141335SEAWSH-WSH2,2026-06-17T04:15:15.022711+00:00,[],[],2,26,"{""orderbook"": {""orderbook_fp"": {""no_dollars"": [], ""yes_dollars"": []}}}",KXMLBF5SPREAD-26JUN141335SEAWSH,mlb,WSH,SEA,,f5_spread,25,27,,,,,,rest_batch
3426755,KXMLBF5SPREAD-26JUN141335SEAWSH-WSH3,2026-06-17T04:15:15.022711+00:00,[],[],2,17,"{""orderbook"": {""orderbook_fp"": {""no_dollars"": [], ""yes_dollars"": []}}}",KXMLBF5SPREAD-26JUN141335SEAWSH,mlb,WSH,SEA,,f5_spread,16,18,,,,,,rest_batch
3426756,KXMLBF5SPREAD-26JUN141337NYYTOR-NYY2,2026-06-17T04:15:15.022711+00:00,[],[],2,34,"{""orderbook"": {""orderbook_fp"": {""no_dollars"": [], ""yes_dollars"": []}}}",KXMLBF5SPREAD-26JUN141337NYYTOR,mlb,TOR,NYY,,f5_spread,33,35,,,35,,,rest_batch
3426757,KXMLBF5SPREAD-26JUN141337NYYTOR-NYY3,2026-06-17T04:15:15.022711+00:00,[],[],2,22,"{""orderbook"": {""orderbook_fp"": {""no_dollars"": [], ""yes_dollars"": []}}}",KXMLBF5SPREAD-26JUN141337NYYTOR,mlb,TOR,NYY,,f5_spread,21,23,,,22,,,rest_batch
3426758,KXMLBF5SPREAD-26JUN141337NYYTOR-TOR2,2026-06-17T04:15:15.022711+00:00,[],[],2,25,"{""orderbook"": {""orderbook_fp"": {""no_dollars"": [], ""yes_dollars"": []}}}",KXMLBF5SPREAD-26JUN141337NYYTOR,mlb,TOR,NYY,,f5_spread,24,26,,,26,,,rest_batch
3426759,KXMLBF5SPREAD-26JUN141337NYYTOR-TOR3,2026-06-17T04:15:15.022711+00:00,[],[],1,15,"{""orderbook"": {""orderbook_fp"": {""no_dollars"": [], ""yes_dollars"": []}}}",KXMLBF5SPREAD-26JUN141337NYYTOR,mlb,TOR,NYY,,f5_spread,15,16,,,13,,,rest_batch
3426760,KXMLBF5SPREAD-26JUN141340ATLNYM-ATL2,2026-06-17T04:15:15.022711+00:00,[],[],3,26,"{""orderbook"": {""orderbook_fp"": {""no_dollars"": [], ""yes_dollars"": []}}}",KXMLBF5SPREAD-26JUN141340ATLNYM,mlb,NYM,ATL,,f5_spread,25,28,,,28,,,rest_batch
3426761,KXMLBF5SPREAD-26JUN141340ATLNYM-ATL3,2026-06-17T04:15:15.022711+00:00,[],[],3,16,"{""orderbook"": {""orderbook_fp"": {""no_dollars"": [], ""yes_dollars"": []}}}",KXMLBF5SPREAD-26JUN141340ATLNYM,mlb,NYM,ATL,,f5_spread,15,18,,,18,,,rest_batch
3426762,KXMLBF5SPREAD-26JUN141340ATLNYM-NYM2,2026-06-17T04:15:15.022711+00:00,[],[],2,32,"{""orderbook"": {""orderbook_fp"": {""no_dollars"": [], ""yes_dollars"": []}}}",KXMLBF5SPREAD-26JUN141340ATLNYM,mlb,NYM,ATL,,f5_spread,31,33,,,32,,,rest_batch
3426763,KXMLBF5SPREAD-26JUN141340ATLNYM-NYM3,2026-06-17T04:15:15.022711+00:00,[],[],3,20,"{""orderbook"": {""orderbook_fp"": {""no_dollars"": [], ""yes_dollars"": []}}}",KXMLBF5SPREAD-26JUN141340ATLNYM,mlb,NYM,ATL,,f5_spread,19,22,,,20,,,rest_batch
3426764,KXMLBF5SPREAD-26JUN141340AZCIN-AZ2,2026-06-17T04:15:15.022711+00:00,[],[],3,30,"{""orderbook"": {""orderbook_fp"": {""no_dollars"": [], ""yes_dollars"": []}}}",KXMLBF5SPREAD-26JUN141340AZCIN,mlb,CIN,AZ,,f5_spread,29,32,,,32,,,rest_batch
3426765,KXMLBF5SPREAD-26JUN141340AZCIN-AZ3,2026-06-17T04:15:15.022711+00:00,[],[],2,20,"{""orderbook"": {""orderbook_fp"": {""no_dollars"": [], ""yes_dollars"": []}}}",KXMLBF5SPREAD-26JUN141340AZCIN,mlb,CIN,AZ,,f5_spread,19,21,,,22,,,rest_batch
3426766,KXMLBF5SPREAD-26JUN141340AZCIN-CIN2,2026-06-17T04:15:15.022711+00:00,[],[],2,31,"{""orderbook"": {""orderbook_fp"": {""no_dollars"": [], ""yes_dollars"": []}}}",KXMLBF5SPREAD-26JUN141340AZCIN,mlb,CIN,AZ,,f5_spread,30,32,,,33,,,rest_batch
3426767,KXMLBF5SPREAD-26JUN141340AZCIN-CIN3,2026-06-17T04:15:15.022711+00:00,[],[],3,21,"{""orderbook"": {""orderbook_fp"": {""no_dollars"": [], ""yes_dollars"": []}}}",KXMLBF5SPREAD-26JUN141340AZCIN,mlb,CIN,AZ,,f5_spread,20,23,,,22,,,rest_batch
3426768,KXMLBF5SPREAD-26JUN141340DETCLE-CLE2,2026-06-17T04:15:15.022711+00:00,[],[],2,28,"{""orderbook"": {""orderbook_fp"": {""no_dollars"": [], ""yes_dollars"": []}}}",KXMLBF5SPREAD-26JUN141340DETCLE,mlb,CLE,DET,,f5_spread,27,29,,,26,,,rest_batch
3426769,KXMLBF5SPREAD-26JUN141340DETCLE-CLE3,2026-06-17T04:15:15.022711+00:00,[],[],3,16,"{""orderbook"": {""orderbook_fp"": {""no_dollars"": [], ""yes_dollars"": []}}}",KXMLBF5SPREAD-26JUN141340DETCLE,mlb,CLE,DET,,f5_spread,15,18,,,17,,,rest_batch
3426770,KXMLBF5SPREAD-26JUN141340DETCLE-DET2,2026-06-17T04:15:15.022711+00:00,[],[],1,25,"{""orderbook"": {""orderbook_fp"": {""no_dollars"": [], ""yes_dollars"": []}}}",KXMLBF5SPREAD-26JUN141340DETCLE,mlb,CLE,DET,,f5_spread,25,26,,,,,,rest_batch
3426771,KXMLBF5SPREAD-26JUN141340DETCLE-DET3,2026-06-17T04:15:15.022711+00:00,[],[],3,15,"{""orderbook"": {""orderbook_fp"": {""no_dollars"": [], ""yes_dollars"": []}}}",KXMLBF5SPREAD-26JUN141340DETCLE,mlb,CLE,DET,,f5_spread,14,17,,,,,,rest_batch
3426772,KXMLBF5SPREAD-26JUN141410HOUKC-HOU2,2026-06-17T04:15:15.022711+00:00,[],[],1,27,"{""orderbook"": {""orderbook_fp"": {""no_dollars"": [], ""yes_dollars"": []}}}",KXMLBF5SPREAD-26JUN141410HOUKC,mlb,KC,HOU,,f5_spread,27,28,,,27,,,rest_batch
3426773,KXMLBF5SPREAD-26JUN141410HOUKC-HOU3,2026-06-17T04:15:15.022711+00:00,[],[],3,17,"{""orderbook"": {""orderbook_fp"": {""no_dollars"": [], ""yes_dollars"": []}}}",KXMLBF5SPREAD-26JUN141410HOUKC,mlb,KC,HOU,,f5_spread,16,19,,,,,,rest_batch
3426774,KXMLBF5SPREAD-26JUN141410HOUKC-KC2,2026-06-17T04:15:15.022711+00:00,[],[],3,31,"{""orderbook"": {""orderbook_fp"": {""no_dollars"": [], ""yes_dollars"": []}}}",KXMLBF5SPREAD-26JUN141410HOUKC,mlb,KC,HOU,,f5_spread,30,33,,,33,,,rest_batch
3426775,KXMLBF5SPREAD-26JUN141410HOUKC-KC3,2026-06-17T04:15:15.022711+00:00,[],[],3,21,"{""orderbook"": {""orderbook_fp"": {""no_dollars"": [], ""yes_dollars"": []}}}",KXMLBF5SPREAD-26JUN141410HOUKC,mlb,KC,HOU,,f5_spread,20,23,,,20,,,rest_batch
3426776,KXMLBF5SPREAD-26JUN141410LADCWS-CWS2,2026-06-17T04:15:15.022711+00:00,[],[],3,21,"{""orderbook"": {""orderbook_fp"": {""no_dollars"": [], ""yes_dollars"": []}}}",KXMLBF5SPREAD-26JUN141410LADCWS,mlb,CWS,LAD,,f5_spread,20,23,,,21,,,rest_batch
3426777,KXMLBF5SPREAD-26JUN141410LADCWS-CWS3,2026-06-17T04:15:15.022711+00:00,[],[],1,11,"{""orderbook"": {""orderbook_fp"": {""no_dollars"": [], ""yes_dollars"": []}}}",KXMLBF5SPREAD-26JUN141410LADCWS,mlb,CWS,LAD,,f5_spread,11,12,,,12,,,rest_batch
3426778,KXMLBF5SPREAD-26JUN141410LADCWS-LAD2,2026-06-17T04:15:15.022711+00:00,[],[],1,42,"{""orderbook"": {""orderbook_fp"": {""no_dollars"": [], ""yes_dollars"": []}}}",KXMLBF5SPREAD-26JUN141410LADCWS,mlb,CWS,LAD,,f5_spread,42,43,,,42,,,rest_batch
3426779,KXMLBF5SPREAD-26JUN141410LADCWS-LAD3,2026-06-17T04:15:15.022711+00:00,[],[],3,29,"{""orderbook"": {""orderbook_fp"": {""no_dollars"": [], ""yes_dollars"": []}}}",KXMLBF5SPREAD-26JUN141410LADCWS,mlb,CWS,LAD,,f5_spread,28,31,,,29,,,rest_batch
3426780,KXMLBF5SPREAD-26JUN141410PHIMIL-MIL2,2026-06-17T04:15:15.022711+00:00,[],[],2,22,"{""orderbook"": {""orderbook_fp"": {""no_dollars"": [], ""yes_dollars"": []}}}",KXMLBF5SPREAD-26JUN141410PHIMIL,mlb,MIL,PHI,,f5_spread,21,23,,,24,,,rest_batch
3426781,KXMLBF5SPREAD-26JUN141410PHIMIL-MIL3,2026-06-17T04:15:15.022711+00:00,[],[],2,12,"{""orderbook"": {""orderbook_fp"": {""no_dollars"": [], ""yes_dollars"": []}}}",KXMLBF5SPREAD-26JUN141410PHIMIL,mlb,MIL,PHI,,f5_spread,11,13,,,17,,,rest_batch
3426782,KXMLBF5SPREAD-26JUN141410PHIMIL-PHI2,2026-06-17T04:15:15.022711+00:00,[],[],1,28,"{""orderbook"": {""orderbook_fp"": {""no_dollars"": [], ""yes_dollars"": []}}}",KXMLBF5SPREAD-26JUN141410PHIMIL,mlb,MIL,PHI,,f5_spread,28,29,,,29,,,rest_batch
3426783,KXMLBF5SPREAD-26JUN141410PHIMIL-PHI3,2026-06-17T04:15:15.022711+00:00,[],[],3,16,"{""orderbook"": {""orderbook_fp"": {""no_dollars"": [], ""yes_dollars"": []}}}",KXMLBF5SPREAD-26JUN141410PHIMIL,mlb,MIL,PHI,,f5_spread,15,18,,,15,,,rest_batch
3426784,KXMLBF5SPREAD-26JUN141410STLMIN-MIN2,2026-06-17T04:15:15.022711+00:00,[],[],3,31,"{""orderbook"": {""orderbook_fp"": {""no_dollars"": [], ""yes_dollars"": []}}}",KXMLBF5SPREAD-26JUN141410STLMIN,mlb,MIN,STL,,f5_spread,30,33,,,,,,rest_batch
3426785,KXMLBF5SPREAD-26JUN141410STLMIN-MIN3,2026-06-17T04:15:15.022711+00:00,[],[],3,20,"{""orderbook"": {""orderbook_fp"": {""no_dollars"": [], ""yes_dollars"": []}}}",KXMLBF5SPREAD-26JUN141410STLMIN,mlb,MIN,STL,,f5_spread,19,22,,,,,,rest_batch
3426786,KXMLBF5SPREAD-26JUN141410STLMIN-STL2,2026-06-17T04:15:15.022711+00:00,[],[],2,29,"{""orderbook"": {""orderbook_fp"": {""no_dollars"": [], ""yes_dollars"": []}}}",KXMLBF5SPREAD-26JUN141410STLMIN,mlb,MIN,STL,,f5_spread,28,30,,,,,,rest_batch
3426787,KXMLBF5SPREAD-26JUN141410STLMIN-STL3,2026-06-17T04:15:15.022711+00:00,[],[],2,18,"{""orderbook"": {""orderbook_fp"": {""no_dollars"": [], ""yes_dollars"": []}}}",KXMLBF5SPREAD-26JUN141410STLMIN,mlb,MIN,STL,,f5_spread,17,19,,,,,,rest_batch
3426788,KXMLBF5SPREAD-26JUN141505COLATH-ATH2,2026-06-17T04:15:15.022711+00:00,[],[],2,45,"{""orderbook"": {""orderbook_fp"": {""no_dollars"": [], ""yes_dollars"": []}}}",KXMLBF5SPREAD-26JUN141505COLATH,mlb,ATH,COL,,f5_spread,44,46,,,46,,,rest_batch
3426789,KXMLBF5SPREAD-26JUN141505COLATH-ATH3,2026-06-17T04:15:15.022711+00:00,[],[],2,35,"{""orderbook"": {""orderbook_fp"": {""no_dollars"": [], ""yes_dollars"": []}}}",KXMLBF5SPREAD-26JUN141505COLATH,mlb,ATH,COL,,f5_spread,34,36,,,36,,,rest_batch
3426790,KXMLBF5SPREAD-26JUN141505COLATH-COL2,2026-06-17T04:15:15.022711+00:00,[],[],3,25,"{""orderbook"": {""orderbook_fp"": {""no_dollars"": [], ""yes_dollars"": []}}}",KXMLBF5SPREAD-26JUN141505COLATH,mlb,ATH,COL,,f5_spread,24,27,,,,,,rest_batch
3426791,KXMLBF5SPREAD-26JUN141505COLATH-COL3,2026-06-17T04:15:15.022711+00:00,[],[],1,16,"{""orderbook"": {""orderbook_fp"": {""no_dollars"": [], ""yes_dollars"": []}}}",KXMLBF5SPREAD-26JUN141505COLATH,mlb,ATH,COL,,f5_spread,16,17,,,,,,rest_batch
3426792,KXMLBF5SPREAD-26JUN141510CHCSF-CHC2,2026-06-17T04:15:15.022711+00:00,[],[],2,21,"{""orderbook"": {""orderbook_fp"": {""no_dollars"": [], ""yes_dollars"": []}}}",KXMLBF5SPREAD-26JUN141510CHCSF,mlb,SF,CHC,,f5_spread,20,22,,,23,,,rest_batch
3426793,KXMLBF5SPREAD-26JUN141510CHCSF-CHC3,2026-06-17T04:15:15.022711+00:00,[],[],2,11,"{""orderbook"": {""orderbook_fp"": {""no_dollars"": [], ""yes_dollars"": []}}}",KXMLBF5SPREAD-26JUN141510CHCSF,mlb,SF,CHC,,f5_spread,10,12,,,12,,,rest_batch
3426794,KXMLBF5SPREAD-26JUN141510CHCSF-SF2,2026-06-17T04:15:15.022711+00:00,[],[],3,35,"{""orderbook"": {""orderbook_fp"": {""no_dollars"": [], ""yes_dollars"": []}}}",KXMLBF5SPREAD-26JUN141510CHCSF,mlb,SF,CHC,,f5_spread,34,37,,,34,,,rest_batch
3426795,KXMLBF5SPREAD-26JUN141510CHCSF-SF3,2026-06-17T04:15:15.022711+00:00,[],[],2,24,"{""orderbook"": {""orderbook_fp"": {""no_dollars"": [], ""yes_dollars"": []}}}",KXMLBF5SPREAD-26JUN141510CHCSF,mlb,SF,CHC,,f5_spread,23,25,,,,,,rest_batch
3426796,KXMLBF5SPREAD-26JUN141607TBLAA-LAA2,2026-06-17T04:15:15.022711+00:00,[],[],2,29,"{""orderbook"": {""orderbook_fp"": {""no_dollars"": [], ""yes_dollars"": []}}}",KXMLBF5SPREAD-26JUN141607TBLAA,mlb,LAA,TB,,f5_spread,28,30,,,,,,rest_batch
3426797,KXMLBF5SPREAD-26JUN141607TBLAA-LAA3,2026-06-17T04:15:15.022711+00:00,[],[],1,17,"{""orderbook"": {""orderbook_fp"": {""no_dollars"": [], ""yes_dollars"": []}}}",KXMLBF5SPREAD-26JUN141607TBLAA,mlb,LAA,TB,,f5_spread,17,18,,,17,,,rest_batch
3426798,KXMLBF5SPREAD-26JUN141607TBLAA-TB2,2026-06-17T04:15:15.022711+00:00,[],[],3,30,"{""orderbook"": {""orderbook_fp"": {""no_dollars"": [], ""yes_dollars"": []}}}",KXMLBF5SPREAD-26JUN141607TBLAA,mlb,LAA,TB,,f5_spread,29,32,,,32,,,rest_batch
3426799,KXMLBF5SPREAD-26JUN141607TBLAA-TB3,2026-06-17T04:15:15.022711+00:00,[],[],4,21,"{""orderbook"": {""orderbook_fp"": {""no_dollars"": [], ""yes_dollars"": []}}}",KXMLBF5SPREAD-26JUN141607TBLAA,mlb,LAA,TB,,f5_spread,19,23,,,22,,,rest_batch
3426800,KXMLBF5SPREAD-26JUN141920TEXBOS-BOS2,2026-06-17T04:15:15.022711+00:00,[],[],3,28,"{""orderbook"": {""orderbook_fp"": {""no_dollars"": [], ""yes_dollars"": []}}}",KXMLBF5SPREAD-26JUN141920TEXBOS,mlb,BOS,TEX,,f5_spread,27,30,,,27,,,rest_batch
3426801,KXMLBF5SPREAD-26JUN141920TEXBOS-BOS3,2026-06-17T04:15:15.022711+00:00,[],[],2,18,"{""orderbook"": {""orderbook_fp"": {""no_dollars"": [], ""yes_dollars"": []}}}",KXMLBF5SPREAD-26JUN141920TEXBOS,mlb,BOS,TEX,,f5_spread,17,19,,,19,,,rest_batch
3426802,KXMLBF5SPREAD-26JUN141920TEXBOS-TEX2,2026-06-17T04:15:15.022711+00:00,[],[],3,30,"{""orderbook"": {""orderbook_fp"": {""no_dollars"": [], ""yes_dollars"": []}}}",KXMLBF5SPREAD-26JUN141920TEXBOS,mlb,BOS,TEX,,f5_spread,29,32,,,,,,rest_batch
3426803,KXMLBF5SPREAD-26JUN141920TEXBOS-TEX3,2026-06-17T04:15:15.022711+00:00,[],[],2,20,"{""orderbook"": {""orderbook_fp"": {""no_dollars"": [], ""yes_dollars"": []}}}",KXMLBF5SPREAD-26JUN141920TEXBOS,mlb,BOS,TEX,,f5_spread,19,21,,,,,,rest_batch
3426804,KXMLBF5SPREAD-26JUN151840MIAPHI-MIA2,2026-06-17T04:15:15.022711+00:00,[],[],1,17,"{""orderbook"": {""orderbook_fp"": {""no_dollars"": [], ""yes_dollars"": []}}}",KXMLBF5SPREAD-26JUN151840MIAPHI,mlb,PHI,MIA,,f5_spread,17,18,,,18,,,rest_batch
3426805,KXMLBF5SPREAD-26JUN151840MIAPHI-MIA3,2026-06-17T04:15:15.022711+00:00,[],[],1,9,"{""orderbook"": {""orderbook_fp"": {""no_dollars"": [], ""yes_dollars"": []}}}",KXMLBF5SPREAD-26JUN151840MIAPHI,mlb,PHI,MIA,,f5_spread,9,10,,,10,,,rest_batch
3426806,KXMLBF5SPREAD-26JUN151840MIAPHI-PHI2,2026-06-17T04:15:15.022711+00:00,[],[],1,39,"{""orderbook"": {""orderbook_fp"": {""no_dollars"": [], ""yes_dollars"": []}}}",KXMLBF5SPREAD-26JUN151840MIAPHI,mlb,PHI,MIA,,f5_spread,39,40,,,40,,,rest_batch
3426807,KXMLBF5SPREAD-26JUN151840MIAPHI-PHI3,2026-06-17T04:15:15.022711+00:00,[],[],1,27,"{""orderbook"": {""orderbook_fp"": {""no_dollars"": [], ""yes_dollars"": []}}}",KXMLBF5SPREAD-26JUN151840MIAPHI,mlb,PHI,MIA,,f5_spread,27,28,,,28,,,rest_batch
3426808,KXMLBF5SPREAD-26JUN151845KCWSH-KC2,2026-06-17T04:15:15.022711+00:00,[],[],1,26,"{""orderbook"": {""orderbook_fp"": {""no_dollars"": [], ""yes_dollars"": []}}}",KXMLBF5SPREAD-26JUN151845KCWSH,mlb,WSH,KC,,f5_spread,26,27,,,27,,,rest_batch
3426809,KXMLBF5SPREAD-26JUN151845KCWSH-KC3,2026-06-17T04:15:15.022711+00:00,[],[],1,17,"{""orderbook"": {""orderbook_fp"": {""no_dollars"": [], ""yes_dollars"": []}}}",KXMLBF5SPREAD-26JUN151845KCWSH,mlb,WSH,KC,,f5_spread,17,18,,,,,,rest_batch
3426810,KXMLBF5SPREAD-26JUN151845KCWSH-WSH2,2026-06-17T04:15:15.022711+00:00,[],[],1,35,"{""orderbook"": {""orderbook_fp"": {""no_dollars"": [], ""yes_dollars"": []}}}",KXMLBF5SPREAD-26JUN151845KCWSH,mlb,WSH,KC,,f5_spread,35,36,,,36,,,rest_batch
3426811,KXMLBF5SPREAD-26JUN151845KCWSH-WSH3,2026-06-17T04:15:15.022711+00:00,[],[],1,23,"{""orderbook"": {""orderbook_fp"": {""no_dollars"": [], ""yes_dollars"": []}}}",KXMLBF5SPREAD-26JUN151845KCWSH,mlb,WSH,KC,,f5_spread,23,24,,,24,,,rest_batch
3426812,KXMLBF5SPREAD-26JUN151910NYMCIN-CIN2,2026-06-17T04:15:15.022711+00:00,[],[],23,88,"{""orderbook"": {""orderbook_fp"": {""no_dollars"": [], ""yes_dollars"": []}}}",KXMLBF5SPREAD-26JUN151910NYMCIN,mlb,CIN,NYM,,f5_spread,77,100,,,99,,,rest_batch
3426813,KXMLBF5SPREAD-26JUN151910NYMCIN-CIN3,2026-06-17T04:15:15.022711+00:00,[],[],7,96,"{""orderbook"": {""orderbook_fp"": {""no_dollars"": [], ""yes_dollars"": []}}}",KXMLBF5SPREAD-26JUN151910NYMCIN,mlb,CIN,NYM,,f5_spread,93,100,,,99,,,rest_batch
3426814,KXMLBF5SPREAD-26JUN151910NYMCIN-NYM2,2026-06-17T04:15:15.022711+00:00,[],[],,,"{""orderbook"": {""orderbook_fp"": {""no_dollars"": [], ""yes_dollars"": []}}}",KXMLBF5SPREAD-26JUN151910NYMCIN,mlb,CIN,NYM,,f5_spread,,1,,,1,,,rest_batch
3426815,KXMLBF5SPREAD-26JUN151910NYMCIN-NYM3,2026-06-17T04:15:15.022711+00:00,[],[],,,"{""orderbook"": {""orderbook_fp"": {""no_dollars"": [], ""yes_dollars"": []}}}",KXMLBF5SPREAD-26JUN151910NYMCIN,mlb,CIN,NYM,,f5_spread,,1,,,1,,,rest_batch
3426816,KXMLBF5SPREAD-26JUN151945SDSTL-SD2,2026-06-17T04:15:15.022711+00:00,[],[],4,8,"{""orderbook"": {""orderbook_fp"": {""no_dollars"": [], ""yes_dollars"": []}}}",KXMLBF5SPREAD-26JUN151945SDSTL,mlb,STL,SD,,f5_spread,6,10,,,19,,,rest_batch
3426817,KXMLBF5SPREAD-26JUN151945SDSTL-SD3,2026-06-17T04:15:15.022711+00:00,[],[],1,6,"{""orderbook"": {""orderbook_fp"": {""no_dollars"": [], ""yes_dollars"": []}}}",KXMLBF5SPREAD-26JUN151945SDSTL,mlb,STL,SD,,f5_spread,6,7,,,11,,,rest_batch
3426818,KXMLBF5SPREAD-26JUN151945SDSTL-STL2,2026-06-17T04:15:15.022711+00:00,[],[],4,25,"{""orderbook"": {""orderbook_fp"": {""no_dollars"": [], ""yes_dollars"": []}}}",KXMLBF5SPREAD-26JUN151945SDSTL,mlb,STL,SD,,f5_spread,23,27,,,15,,,rest_batch
3426819,KXMLBF5SPREAD-26JUN151945SDSTL-STL3,2026-06-17T04:15:15.022711+00:00,[],[],7,13,"{""orderbook"": {""orderbook_fp"": {""no_dollars"": [], ""yes_dollars"": []}}}",KXMLBF5SPREAD-26JUN151945SDSTL,mlb,STL,SD,,f5_spread,10,17,,,6,,,rest_batch
3426820,KXMLBF5SPREAD-26JUN152005COLCHC-CHC2,2026-06-17T04:15:15.022711+00:00,[],[],55,36,"{""orderbook"": {""orderbook_fp"": {""no_dollars"": [], ""yes_dollars"": []}}}",KXMLBF5SPREAD-26JUN152005COLCHC,mlb,CHC,COL,,f5_spread,9,64,,,39,,,rest_batch
3426821,KXMLBF5SPREAD-26JUN152005COLCHC-CHC3,2026-06-17T04:15:15.022711+00:00,[],[],19,31,"{""orderbook"": {""orderbook_fp"": {""no_dollars"": [], ""yes_dollars"": []}}}",KXMLBF5SPREAD-26JUN152005COLCHC,mlb,CHC,COL,,f5_spread,22,41,,,21,,,rest_batch
3426822,KXMLBF5SPREAD-26JUN152005COLCHC-COL2,2026-06-17T04:15:15.022711+00:00,[],[],43,27,"{""orderbook"": {""orderbook_fp"": {""no_dollars"": [], ""yes_dollars"": []}}}",KXMLBF5SPREAD-26JUN152005COLCHC,mlb,CHC,COL,,f5_spread,6,49,,,7,,,rest_batch
3426823,KXMLBF5SPREAD-26JUN152005COLCHC-COL3,2026-06-17T04:15:15.022711+00:00,[],[],1,2,"{""orderbook"": {""orderbook_fp"": {""no_dollars"": [], ""yes_dollars"": []}}}",KXMLBF5SPREAD-26JUN152005COLCHC,mlb,CHC,COL,,f5_spread,2,3,,,2,,,rest_batch
3426824,KXMLBF5SPREAD-26JUN152005MINTEX-MIN2,2026-06-17T04:15:15.022711+00:00,[],[],38,37,"{""orderbook"": {""orderbook_fp"": {""no_dollars"": [], ""yes_dollars"": []}}}",KXMLBF5SPREAD-26JUN152005MINTEX,mlb,TEX,MIN,,f5_spread,18,56,,,17,,,rest_batch
3426825,KXMLBF5SPREAD-26JUN152005MINTEX-MIN3,2026-06-17T04:15:15.022711+00:00,[],[],12,10,"{""orderbook"": {""orderbook_fp"": {""no_dollars"": [], ""yes_dollars"": []}}}",KXMLBF5SPREAD-26JUN152005MINTEX,mlb,TEX,MIN,,f5_spread,4,16,,,3,,,rest_batch
3426826,KXMLBF5SPREAD-26JUN152005MINTEX-TEX2,2026-06-17T04:15:15.022711+00:00,[],[],35,21,"{""orderbook"": {""orderbook_fp"": {""no_dollars"": [], ""yes_dollars"": []}}}",KXMLBF5SPREAD-26JUN152005MINTEX,mlb,TEX,MIN,,f5_spread,4,39,,,3,,,rest_batch
3426827,KXMLBF5SPREAD-26JUN152005MINTEX-TEX3,2026-06-17T04:15:15.022711+00:00,[],[],3,2,"{""orderbook"": {""orderbook_fp"": {""no_dollars"": [], ""yes_dollars"": []}}}",KXMLBF5SPREAD-26JUN152005MINTEX,mlb,TEX,MIN,,f5_spread,1,4,,,1,,,rest_batch
3426828,KXMLBF5SPREAD-26JUN152010DETHOU-DET2,2026-06-17T04:15:15.022711+00:00,[],[],4,90,"{""orderbook"": {""orderbook_fp"": {""no_dollars"": [], ""yes_dollars"": []}}}",KXMLBF5SPREAD-26JUN152010DETHOU,mlb,HOU,DET,,f5_spread,88,92,,,89,,,rest_batch
3426829,KXMLBF5SPREAD-26JUN152010DETHOU-DET3,2026-06-17T04:15:15.022711+00:00,[],[],4,80,"{""orderbook"": {""orderbook_fp"": {""no_dollars"": [], ""yes_dollars"": []}}}",KXMLBF5SPREAD-26JUN152010DETHOU,mlb,HOU,DET,,f5_spread,78,82,,,85,,,rest_batch
3426830,KXMLBF5SPREAD-26JUN152010DETHOU-HOU2,2026-06-17T04:15:15.022711+00:00,[],[],3,2,"{""orderbook"": {""orderbook_fp"": {""no_dollars"": [], ""yes_dollars"": []}}}",KXMLBF5SPREAD-26JUN152010DETHOU,mlb,HOU,DET,,f5_spread,1,4,,,2,,,rest_batch
3426831,KXMLBF5SPREAD-26JUN152010DETHOU-HOU3,2026-06-17T04:15:15.022711+00:00,[],[],,,"{""orderbook"": {""orderbook_fp"": {""no_dollars"": [], ""yes_dollars"": []}}}",KXMLBF5SPREAD-26JUN152010DETHOU,mlb,HOU,DET,,f5_spread,,1,,,1,,,rest_batch
3426832,KXMLBF5SPREAD-26JUN152140LAAAZ-AZ2,2026-06-17T04:15:15.022711+00:00,[],[],1,32,"{""orderbook"": {""orderbook_fp"": {""no_dollars"": [], ""yes_dollars"": []}}}",KXMLBF5SPREAD-26JUN152140LAAAZ,mlb,AZ,LAA,,f5_spread,32,33,,,33,,,rest_batch
3426833,KXMLBF5SPREAD-26JUN152140LAAAZ-AZ3,2026-06-17T04:15:15.022711+00:00,[],[],1,22,"{""orderbook"": {""orderbook_fp"": {""no_dollars"": [], ""yes_dollars"": []}}}",KXMLBF5SPREAD-26JUN152140LAAAZ,mlb,AZ,LAA,,f5_spread,22,23,,,21,,,rest_batch
3426834,KXMLBF5SPREAD-26JUN152140LAAAZ-LAA2,2026-06-17T04:15:15.022711+00:00,[],[],2,27,"{""orderbook"": {""orderbook_fp"": {""no_dollars"": [], ""yes_dollars"": []}}}",KXMLBF5SPREAD-26JUN152140LAAAZ,mlb,AZ,LAA,,f5_spread,26,28,,,28,,,rest_batch
3426835,KXMLBF5SPREAD-26JUN152140LAAAZ-LAA3,2026-06-17T04:15:15.022711+00:00,[],[],1,16,"{""orderbook"": {""orderbook_fp"": {""no_dollars"": [], ""yes_dollars"": []}}}",KXMLBF5SPREAD-26JUN152140LAAAZ,mlb,AZ,LAA,,f5_spread,16,17,,,18,,,rest_batch
3426836,KXMLBF5SPREAD-26JUN152140PITATH-ATH2,2026-06-17T04:15:15.022711+00:00,[],[],1,34,"{""orderbook"": {""orderbook_fp"": {""no_dollars"": [], ""yes_dollars"": []}}}",KXMLBF5SPREAD-26JUN152140PITATH,mlb,ATH,PIT,,f5_spread,34,35,,,35,,,rest_batch
3426837,KXMLBF5SPREAD-26JUN152140PITATH-ATH3,2026-06-17T04:15:15.022711+00:00,[],[],1,22,"{""orderbook"": {""orderbook_fp"": {""no_dollars"": [], ""yes_dollars"": []}}}",KXMLBF5SPREAD-26JUN152140PITATH,mlb,ATH,PIT,,f5_spread,22,23,,,,,,rest_batch
3426838,KXMLBF5SPREAD-26JUN152140PITATH-PIT2,2026-06-17T04:15:15.022711+00:00,[],[],1,29,"{""orderbook"": {""orderbook_fp"": {""no_dollars"": [], ""yes_dollars"": []}}}",KXMLBF5SPREAD-26JUN152140PITATH,mlb,ATH,PIT,,f5_spread,29,30,,,30,,,rest_batch
3426839,KXMLBF5SPREAD-26JUN152140PITATH-PIT3,2026-06-17T04:15:15.022711+00:00,[],[],2,20,"{""orderbook"": {""orderbook_fp"": {""no_dollars"": [], ""yes_dollars"": []}}}",KXMLBF5SPREAD-26JUN152140PITATH,mlb,ATH,PIT,,f5_spread,19,21,,,22,,,rest_batch
3426840,KXMLBF5SPREAD-26JUN152210TBLAD-LAD2,2026-06-17T04:15:15.022711+00:00,[],[],2,38,"{""orderbook"": {""orderbook_fp"": {""no_dollars"": [], ""yes_dollars"": []}}}",KXMLBF5SPREAD-26JUN152210TBLAD,mlb,LAD,TB,,f5_spread,37,39,,,37,,,rest_batch
3426841,KXMLBF5SPREAD-26JUN152210TBLAD-LAD3,2026-06-17T04:15:15.022711+00:00,[],[],1,26,"{""orderbook"": {""orderbook_fp"": {""no_dollars"": [], ""yes_dollars"": []}}}",KXMLBF5SPREAD-26JUN152210TBLAD,mlb,LAD,TB,,f5_spread,26,27,,,26,,,rest_batch
3426842,KXMLBF5SPREAD-26JUN152210TBLAD-TB2,2026-06-17T04:15:15.022711+00:00,[],[],1,22,"{""orderbook"": {""orderbook_fp"": {""no_dollars"": [], ""yes_dollars"": []}}}",KXMLBF5SPREAD-26JUN152210TBLAD,mlb,LAD,TB,,f5_spread,22,23,,,23,,,rest_batch
3426843,KXMLBF5SPREAD-26JUN152210TBLAD-TB3,2026-06-17T04:15:15.022711+00:00,[],[],1,14,"{""orderbook"": {""orderbook_fp"": {""no_dollars"": [], ""yes_dollars"": []}}}",KXMLBF5SPREAD-26JUN152210TBLAD,mlb,LAD,TB,,f5_spread,14,15,,,15,,,rest_batch
3426844,KXMLBF5SPREAD-26JUN161840MIAPHI-MIA2,2026-06-17T04:15:15.022711+00:00,[],[],1,20,"{""orderbook"": {""orderbook_fp"": {""no_dollars"": [], ""yes_dollars"": []}}}",KXMLBF5SPREAD-26JUN161840MIAPHI,mlb,PHI,MIA,,f5_spread,20,21,,,21,,,rest_batch
3426845,KXMLBF5SPREAD-26JUN161840MIAPHI-MIA3,2026-06-17T04:15:15.022711+00:00,[],[],2,11,"{""orderbook"": {""orderbook_fp"": {""no_dollars"": [], ""yes_dollars"": []}}}",KXMLBF5SPREAD-26JUN161840MIAPHI,mlb,PHI,MIA,,f5_spread,10,12,,,11,,,rest_batch
3426846,KXMLBF5SPREAD-26JUN161840MIAPHI-PHI2,2026-06-17T04:15:15.022711+00:00,[],[],2,38,"{""orderbook"": {""orderbook_fp"": {""no_dollars"": [], ""yes_dollars"": []}}}",KXMLBF5SPREAD-26JUN161840MIAPHI,mlb,PHI,MIA,,f5_spread,37,39,,,39,,,rest_batch
3426847,KXMLBF5SPREAD-26JUN161840MIAPHI-PHI3,2026-06-17T04:15:15.022711+00:00,[],[],1,25,"{""orderbook"": {""orderbook_fp"": {""no_dollars"": [], ""yes_dollars"": []}}}",KXMLBF5SPREAD-26JUN161840MIAPHI,mlb,PHI,MIA,,f5_spread,25,26,,,25,,,rest_batch
3426848,KXMLBF5SPREAD-26JUN161845KCWSH-KC2,2026-06-17T04:15:15.022711+00:00,[],[],1,23,"{""orderbook"": {""orderbook_fp"": {""no_dollars"": [], ""yes_dollars"": []}}}",KXMLBF5SPREAD-26JUN161845KCWSH,mlb,WSH,KC,,f5_spread,23,24,,,26,,,rest_batch
3426849,KXMLBF5SPREAD-26JUN161845KCWSH-KC3,2026-06-17T04:15:15.022711+00:00,[],[],1,14,"{""orderbook"": {""orderbook_fp"": {""no_dollars"": [], ""yes_dollars"": []}}}",KXMLBF5SPREAD-26JUN161845KCWSH,mlb,WSH,KC,,f5_spread,14,15,,,15,,,rest_batch
3426850,KXMLBF5SPREAD-26JUN161845KCWSH-WSH2,2026-06-17T04:15:15.022711+00:00,[],[],1,33,"{""orderbook"": {""orderbook_fp"": {""no_dollars"": [], ""yes_dollars"": []}}}",KXMLBF5SPREAD-26JUN161845KCWSH,mlb,WSH,KC,,f5_spread,33,34,,,34,,,rest_batch
3426851,KXMLBF5SPREAD-26JUN161845KCWSH-WSH3,2026-06-17T04:15:15.022711+00:00,[],[],1,21,"{""orderbook"": {""orderbook_fp"": {""no_dollars"": [], ""yes_dollars"": []}}}",KXMLBF5SPREAD-26JUN161845KCWSH,mlb,WSH,KC,,f5_spread,21,22,,,22,,,rest_batch
3426852,KXMLBF5SPREAD-26JUN161845TORBOS-BOS2,2026-06-17T04:15:15.022711+00:00,[],[],1,26,"{""orderbook"": {""orderbook_fp"": {""no_dollars"": [], ""yes_dollars"": []}}}",KXMLBF5SPREAD-26JUN161845TORBOS,mlb,BOS,TOR,,f5_spread,26,27,,,27,,,rest_batch
3426853,KXMLBF5SPREAD-26JUN161845TORBOS-BOS3,2026-06-17T04:15:15.022711+00:00,[],[],1,15,"{""orderbook"": {""orderbook_fp"": {""no_dollars"": [], ""yes_dollars"": []}}}",KXMLBF5SPREAD-26JUN161845TORBOS,mlb,BOS,TOR,,f5_spread,15,16,,,,,,rest_batch
3426854,KXMLBF5SPREAD-26JUN161845TORBOS-TOR2,2026-06-17T04:15:15.022711+00:00,[],[],2,28,"{""orderbook"": {""orderbook_fp"": {""no_dollars"": [], ""yes_dollars"": []}}}",KXMLBF5SPREAD-26JUN161845TORBOS,mlb,BOS,TOR,,f5_spread,27,29,,,27,,,rest_batch
3426855,KXMLBF5SPREAD-26JUN161845TORBOS-TOR3,2026-06-17T04:15:15.022711+00:00,[],[],1,16,"{""orderbook"": {""orderbook_fp"": {""no_dollars"": [], ""yes_dollars"": []}}}",KXMLBF5SPREAD-26JUN161845TORBOS,mlb,BOS,TOR,,f5_spread,16,17,,,,,,rest_batch
3426856,KXMLBF5SPREAD-26JUN161905CWSNYY-CWS2,2026-06-17T04:15:15.022711+00:00,[],[],1,22,"{""orderbook"": {""orderbook_fp"": {""no_dollars"": [], ""yes_dollars"": []}}}",KXMLBF5SPREAD-26JUN161905CWSNYY,mlb,NYY,CWS,,f5_spread,22,23,,,22,,,rest_batch
3426857,KXMLBF5SPREAD-26JUN161905CWSNYY-CWS3,2026-06-17T04:15:15.022711+00:00,[],[],1,13,"{""orderbook"": {""orderbook_fp"": {""no_dollars"": [], ""yes_dollars"": []}}}",KXMLBF5SPREAD-26JUN161905CWSNYY,mlb,NYY,CWS,,f5_spread,13,14,,,,,,rest_batch
3426858,KXMLBF5SPREAD-26JUN161905CWSNYY-NYY2,2026-06-17T04:15:15.022711+00:00,[],[],1,32,"{""orderbook"": {""orderbook_fp"": {""no_dollars"": [], ""yes_dollars"": []}}}",KXMLBF5SPREAD-26JUN161905CWSNYY,mlb,NYY,CWS,,f5_spread,32,33,,,33,,,rest_batch
3426859,KXMLBF5SPREAD-26JUN161905CWSNYY-NYY3,2026-06-17T04:15:15.022711+00:00,[],[],1,20,"{""orderbook"": {""orderbook_fp"": {""no_dollars"": [], ""yes_dollars"": []}}}",KXMLBF5SPREAD-26JUN161905CWSNYY,mlb,NYY,CWS,,f5_spread,20,21,,,,,,rest_batch
3426860,KXMLBF5SPREAD-26JUN161910NYMCIN-CIN2,2026-06-17T04:15:15.022711+00:00,[],[],2,31,"{""orderbook"": {""orderbook_fp"": {""no_dollars"": [], ""yes_dollars"": []}}}",KXMLBF5SPREAD-26JUN161910NYMCIN,mlb,CIN,NYM,,f5_spread,30,32,,,31,,,rest_batch
3426861,KXMLBF5SPREAD-26JUN161910NYMCIN-CIN3,2026-06-17T04:15:15.022711+00:00,[],[],1,21,"{""orderbook"": {""orderbook_fp"": {""no_dollars"": [], ""yes_dollars"": []}}}",KXMLBF5SPREAD-26JUN161910NYMCIN,mlb,CIN,NYM,,f5_spread,21,22,,,22,,,rest_batch
3426862,KXMLBF5SPREAD-26JUN161910NYMCIN-NYM2,2026-06-17T04:15:15.022711+00:00,[],[],1,32,"{""orderbook"": {""orderbook_fp"": {""no_dollars"": [], ""yes_dollars"": []}}}",KXMLBF5SPREAD-26JUN161910NYMCIN,mlb,CIN,NYM,,f5_spread,32,33,,,32,,,rest_batch
3426863,KXMLBF5SPREAD-26JUN161910NYMCIN-NYM3,2026-06-17T04:15:15.022711+00:00,[],[],1,21,"{""orderbook"": {""orderbook_fp"": {""no_dollars"": [], ""yes_dollars"": []}}}",KXMLBF5SPREAD-26JUN161910NYMCIN,mlb,CIN,NYM,,f5_spread,21,22,,,,,,rest_batch
3426864,KXMLBF5SPREAD-26JUN161915SFATL-ATL2,2026-06-17T04:15:15.022711+00:00,"[[""0.0100"", ""300.00""], [""0.0200"", ""3.00""], [""0.0400"", ""35.00""], [""0.0500"", ""40.00""], [""0.0600"", ""19.01""], [""0.0700"", ""47.00""], [""0.0800"", ""17.00""]]","[[""0.0100"", ""363.00""], [""0.0200"", ""30.00""], [""0.0300"", ""15.00""], [""0.0400"", ""35.00""], [""0.0500"", ""10.00""], [""0.0600"", ""5.00""], [""0.0800"", ""15.00""], [""0.1000"", ""20.00""], [""0.1100"", ""2.00""], [""0.1600"", ""18.00""], [""0.2100"", ""23.44""], [""0.2600"", ""1.00""], [""0.3600"", ""1.00""], [""0.3700"", ""3.00""], [""0.3800"", ""44.00""], [""0.7700"", ""5.00""], [""0.7800"", ""30.00""]]",98,50,"{""orderbook"": {""orderbook_fp"": {""no_dollars"": [[""0.0100"", ""363.00""], [""0.0200"", ""30.00""], [""0.0300"", ""15.00""], [""0.0400"", ""35.00""], [""0.0500"", ""10.00""], [""0.0600"", ""5.00""], [""0.0800"", ""15.00""], [""0.1000"", ""20.00""], [""0.1100"", ""2.00""], [""0.1600"", ""18.00""], [""0.2100"", ""23.44""], [""0.2600"", ""1.00""], [""0.3600"", ""1.00""], [""0.3700"", ""3.00""], [""0.3800"", ""44.00""], [""0.7700"", ""5.00""], [""0.7800"", ""30.00""]], ""yes_dollars"": [[""0.0100"", ""300.00""], [""0.0200"", ""3.00""], [""0.0400"", ""35.00""], [""0.0500"", ""40.00""], [""0.0600"", ""19.01""], [""0.0700"", ""47.00""], [""0.0800"", ""17.00""]]}}}",KXMLBF5SPREAD-26JUN161915SFATL,mlb,ATL,SF,,f5_spread,1,99,1,99,38,,,rest_batch
3426865,KXMLBF5SPREAD-26JUN161915SFATL-ATL3,2026-06-17T04:15:15.022711+00:00,"[[""0.0100"", ""310.00""], [""0.0200"", ""75.00""], [""0.0300"", ""2.00""], [""0.0400"", ""35.00""], [""0.0500"", ""17.56""], [""0.0600"", ""124.44""], [""0.0700"", ""41.00""]]","[[""0.0100"", ""358.00""], [""0.0300"", ""15.00""], [""0.0400"", ""35.00""], [""0.0500"", ""2.00""], [""0.0600"", ""2.00""], [""0.0800"", ""15.00""], [""0.1100"", ""2.00""], [""0.1600"", ""17.00""], [""0.2100"", ""24.00""], [""0.2600"", ""20.00""], [""0.2700"", ""60.00""], [""0.3100"", ""2.00""], [""0.3600"", ""1.00""], [""0.4100"", ""10.00""]]",98,50,"{""orderbook"": {""orderbook_fp"": {""no_dollars"": [[""0.0100"", ""358.00""], [""0.0300"", ""15.00""], [""0.0400"", ""35.00""], [""0.0500"", ""2.00""], [""0.0600"", ""2.00""], [""0.0800"", ""15.00""], [""0.1100"", ""2.00""], [""0.1600"", ""17.00""], [""0.2100"", ""24.00""], [""0.2600"", ""20.00""], [""0.2700"", ""60.00""], [""0.3100"", ""2.00""], [""0.3600"", ""1.00""], [""0.4100"", ""10.00""]], ""yes_dollars"": [[""0.0100"", ""310.00""], [""0.0200"", ""75.00""], [""0.0300"", ""2.00""], [""0.0400"", ""35.00""], [""0.0500"", ""17.56""], [""0.0600"", ""124.44""], [""0.0700"", ""41.00""]]}}}",KXMLBF5SPREAD-26JUN161915SFATL,mlb,ATL,SF,,f5_spread,1,99,1,99,25,,,rest_batch
3426866,KXMLBF5SPREAD-26JUN161915SFATL-SF2,2026-06-17T04:15:15.022711+00:00,"[[""0.0100"", ""300.00""], [""0.0200"", ""3.00""], [""0.0400"", ""35.00""], [""0.0500"", ""40.00""], [""0.0600"", ""20.00""], [""0.0700"", ""50.00""], [""0.1500"", ""1.00""]]","[[""0.0100"", ""363.00""], [""0.0200"", ""211.00""], [""0.0300"", ""15.00""], [""0.0400"", ""35.00""], [""0.0500"", ""10.00""], [""0.0600"", ""5.00""], [""0.0800"", ""15.00""], [""0.1100"", ""2.00""], [""0.1600"", ""17.00""], [""0.2100"", ""24.00""], [""0.2500"", ""32.56""], [""0.2600"", ""19.00""], [""0.2700"", ""43.00""], [""0.2900"", ""6.00""], [""0.3100"", ""1.00""], [""0.3600"", ""1.00""], [""0.5800"", ""3.00""]]",98,50,"{""orderbook"": {""orderbook_fp"": {""no_dollars"": [[""0.0100"", ""363.00""], [""0.0200"", ""211.00""], [""0.0300"", ""15.00""], [""0.0400"", ""35.00""], [""0.0500"", ""10.00""], [""0.0600"", ""5.00""], [""0.0800"", ""15.00""], [""0.1100"", ""2.00""], [""0.1600"", ""17.00""], [""0.2100"", ""24.00""], [""0.2500"", ""32.56""], [""0.2600"", ""19.00""], [""0.2700"", ""43.00""], [""0.2900"", ""6.00""], [""0.3100"", ""1.00""], [""0.3600"", ""1.00""], [""0.5800"", ""3.00""]], ""yes_dollars"": [[""0.0100"", ""300.00""], [""0.0200"", ""3.00""], [""0.0400"", ""35.00""], [""0.0500"", ""40.00""], [""0.0600"", ""20.00""], [""0.0700"", ""50.00""], [""0.1500"", ""1.00""]]}}}",KXMLBF5SPREAD-26JUN161915SFATL,mlb,ATL,SF,,f5_spread,1,99,1,99,24,,,rest_batch
3426867,KXMLBF5SPREAD-26JUN161915SFATL-SF3,2026-06-17T04:15:15.022711+00:00,"[[""0.0100"", ""310.00""], [""0.0200"", ""75.00""], [""0.0300"", ""2.00""], [""0.0400"", ""35.00""], [""0.0500"", ""30.00""], [""0.0600"", ""51.00""], [""0.0900"", ""1.00""]]","[[""0.0100"", ""358.00""], [""0.0300"", ""15.00""], [""0.0400"", ""35.00""], [""0.0500"", ""167.00""], [""0.0600"", ""2.00""], [""0.0800"", ""15.00""], [""0.1100"", ""2.00""], [""0.1600"", ""17.00""], [""0.1700"", ""8.10""], [""0.2100"", ""24.00""], [""0.2600"", ""20.00""], [""0.3100"", ""17.00""], [""0.3600"", ""16.00""], [""0.3700"", ""57.00""], [""0.4400"", ""3.00""], [""0.4700"", ""5.00""]]",98,50,"{""orderbook"": {""orderbook_fp"": {""no_dollars"": [[""0.0100"", ""358.00""], [""0.0300"", ""15.00""], [""0.0400"", ""35.00""], [""0.0500"", ""167.00""], [""0.0600"", ""2.00""], [""0.0800"", ""15.00""], [""0.1100"", ""2.00""], [""0.1600"", ""17.00""], [""0.1700"", ""8.10""], [""0.2100"", ""24.00""], [""0.2600"", ""20.00""], [""0.3100"", ""17.00""], [""0.3600"", ""16.00""], [""0.3700"", ""57.00""], [""0.4400"", ""3.00""], [""0.4700"", ""5.00""]], ""yes_dollars"": [[""0.0100"", ""310.00""], [""0.0200"", ""75.00""], [""0.0300"", ""2.00""], [""0.0400"", ""35.00""], [""0.0500"", ""30.00""], [""0.0600"", ""51.00""], [""0.0900"", ""1.00""]]}}}",KXMLBF5SPREAD-26JUN161915SFATL,mlb,ATL,SF,,f5_spread,1,99,1,99,,,,rest_batch
3426868,KXMLBF5SPREAD-26JUN161940CLEMIL-CLE2,2026-06-17T04:15:15.022711+00:00,[],[],2,24,"{""orderbook"": {""orderbook_fp"": {""no_dollars"": [], ""yes_dollars"": []}}}",KXMLBF5SPREAD-26JUN161940CLEMIL,mlb,MIL,CLE,,f5_spread,23,25,,,25,,,rest_batch
3426869,KXMLBF5SPREAD-26JUN161940CLEMIL-CLE3,2026-06-17T04:15:15.022711+00:00,[],[],1,14,"{""orderbook"": {""orderbook_fp"": {""no_dollars"": [], ""yes_dollars"": []}}}",KXMLBF5SPREAD-26JUN161940CLEMIL,mlb,MIL,CLE,,f5_spread,14,15,,,15,,,rest_batch
3426870,KXMLBF5SPREAD-26JUN161940CLEMIL-MIL2,2026-06-17T04:15:15.022711+00:00,[],[],1,34,"{""orderbook"": {""orderbook_fp"": {""no_dollars"": [], ""yes_dollars"": []}}}",KXMLBF5SPREAD-26JUN161940CLEMIL,mlb,MIL,CLE,,f5_spread,34,35,,,35,,,rest_batch
3426871,KXMLBF5SPREAD-26JUN161940CLEMIL-MIL3,2026-06-17T04:15:15.022711+00:00,[],[],2,24,"{""orderbook"": {""orderbook_fp"": {""no_dollars"": [], ""yes_dollars"": []}}}",KXMLBF5SPREAD-26JUN161940CLEMIL,mlb,MIL,CLE,,f5_spread,23,25,,,,,,rest_batch
3426872,KXMLBF5SPREAD-26JUN161945SDSTL-SD2,2026-06-17T04:15:15.022711+00:00,[],[],1,27,"{""orderbook"": {""orderbook_fp"": {""no_dollars"": [], ""yes_dollars"": []}}}",KXMLBF5SPREAD-26JUN161945SDSTL,mlb,STL,SD,,f5_spread,27,28,,,,,,rest_batch
3426873,KXMLBF5SPREAD-26JUN161945SDSTL-SD3,2026-06-17T04:15:15.022711+00:00,[],[],1,17,"{""orderbook"": {""orderbook_fp"": {""no_dollars"": [], ""yes_dollars"": []}}}",KXMLBF5SPREAD-26JUN161945SDSTL,mlb,STL,SD,,f5_spread,17,18,,,,,,rest_batch
3426874,KXMLBF5SPREAD-26JUN161945SDSTL-STL2,2026-06-17T04:15:15.022711+00:00,[],[],1,30,"{""orderbook"": {""orderbook_fp"": {""no_dollars"": [], ""yes_dollars"": []}}}",KXMLBF5SPREAD-26JUN161945SDSTL,mlb,STL,SD,,f5_spread,30,31,,,30,,,rest_batch
3426875,KXMLBF5SPREAD-26JUN161945SDSTL-STL3,2026-06-17T04:15:15.022711+00:00,[],[],1,20,"{""orderbook"": {""orderbook_fp"": {""no_dollars"": [], ""yes_dollars"": []}}}",KXMLBF5SPREAD-26JUN161945SDSTL,mlb,STL,SD,,f5_spread,20,21,,,17,,,rest_batch
3426876,KXMLBF5SPREAD-26JUN162005COLCHC-CHC2,2026-06-17T04:15:15.022711+00:00,[],[],1,40,"{""orderbook"": {""orderbook_fp"": {""no_dollars"": [], ""yes_dollars"": []}}}",KXMLBF5SPREAD-26JUN162005COLCHC,mlb,CHC,COL,,f5_spread,40,41,,,41,,,rest_batch
3426877,KXMLBF5SPREAD-26JUN162005COLCHC-CHC3,2026-06-17T04:15:15.022711+00:00,[],[],3,29,"{""orderbook"": {""orderbook_fp"": {""no_dollars"": [], ""yes_dollars"": []}}}",KXMLBF5SPREAD-26JUN162005COLCHC,mlb,CHC,COL,,f5_spread,28,31,,,18,,,rest_batch
3426878,KXMLBF5SPREAD-26JUN162005COLCHC-COL2,2026-06-17T04:15:15.022711+00:00,[],[],1,22,"{""orderbook"": {""orderbook_fp"": {""no_dollars"": [], ""yes_dollars"": []}}}",KXMLBF5SPREAD-26JUN162005COLCHC,mlb,CHC,COL,,f5_spread,22,23,,,25,,,rest_batch
3426879,KXMLBF5SPREAD-26JUN162005COLCHC-COL3,2026-06-17T04:15:15.022711+00:00,[],[],1,13,"{""orderbook"": {""orderbook_fp"": {""no_dollars"": [], ""yes_dollars"": []}}}",KXMLBF5SPREAD-26JUN162005COLCHC,mlb,CHC,COL,,f5_spread,13,14,,,14,,,rest_batch
3426880,KXMLBF5SPREAD-26JUN162005MINTEX-MIN2,2026-06-17T04:15:15.022711+00:00,[],[],1,26,"{""orderbook"": {""orderbook_fp"": {""no_dollars"": [], ""yes_dollars"": []}}}",KXMLBF5SPREAD-26JUN162005MINTEX,mlb,TEX,MIN,,f5_spread,26,27,,,27,,,rest_batch
3426881,KXMLBF5SPREAD-26JUN162005MINTEX-MIN3,2026-06-17T04:15:15.022711+00:00,[],[],1,16,"{""orderbook"": {""orderbook_fp"": {""no_dollars"": [], ""yes_dollars"": []}}}",KXMLBF5SPREAD-26JUN162005MINTEX,mlb,TEX,MIN,,f5_spread,16,17,,,16,,,rest_batch
3426882,KXMLBF5SPREAD-26JUN162005MINTEX-TEX2,2026-06-17T04:15:15.022711+00:00,[],[],1,31,"{""orderbook"": {""orderbook_fp"": {""no_dollars"": [], ""yes_dollars"": []}}}",KXMLBF5SPREAD-26JUN162005MINTEX,mlb,TEX,MIN,,f5_spread,31,32,,,33,,,rest_batch
3426883,KXMLBF5SPREAD-26JUN162005MINTEX-TEX3,2026-06-17T04:15:15.022711+00:00,[],[],2,21,"{""orderbook"": {""orderbook_fp"": {""no_dollars"": [], ""yes_dollars"": []}}}",KXMLBF5SPREAD-26JUN162005MINTEX,mlb,TEX,MIN,,f5_spread,20,22,,,,,,rest_batch
3426884,KXMLBF5SPREAD-26JUN162010DETHOU-DET2,2026-06-17T04:15:15.022711+00:00,[],[],1,20,"{""orderbook"": {""orderbook_fp"": {""no_dollars"": [], ""yes_dollars"": []}}}",KXMLBF5SPREAD-26JUN162010DETHOU,mlb,HOU,DET,,f5_spread,20,21,,,20,,,rest_batch
3426885,KXMLBF5SPREAD-26JUN162010DETHOU-DET3,2026-06-17T04:15:15.022711+00:00,[],[],1,11,"{""orderbook"": {""orderbook_fp"": {""no_dollars"": [], ""yes_dollars"": []}}}",KXMLBF5SPREAD-26JUN162010DETHOU,mlb,HOU,DET,,f5_spread,11,12,,,13,,,rest_batch
3426886,KXMLBF5SPREAD-26JUN162010DETHOU-HOU2,2026-06-17T04:15:15.022711+00:00,[],[],2,37,"{""orderbook"": {""orderbook_fp"": {""no_dollars"": [], ""yes_dollars"": []}}}",KXMLBF5SPREAD-26JUN162010DETHOU,mlb,HOU,DET,,f5_spread,36,38,,,36,,,rest_batch
3426887,KXMLBF5SPREAD-26JUN162010DETHOU-HOU3,2026-06-17T04:15:15.022711+00:00,[],[],2,26,"{""orderbook"": {""orderbook_fp"": {""no_dollars"": [], ""yes_dollars"": []}}}",KXMLBF5SPREAD-26JUN162010DETHOU,mlb,HOU,DET,,f5_spread,25,27,,,23,,,rest_batch
3426888,KXMLBF5SPREAD-26JUN162140BALSEA-BAL2,2026-06-17T04:15:15.022711+00:00,[],[],1,21,"{""orderbook"": {""orderbook_fp"": {""no_dollars"": [], ""yes_dollars"": []}}}",KXMLBF5SPREAD-26JUN162140BALSEA,mlb,SEA,BAL,,f5_spread,21,22,,,,,,rest_batch
3426889,KXMLBF5SPREAD-26JUN162140BALSEA-BAL3,2026-06-17T04:15:15.022711+00:00,[],[],1,12,"{""orderbook"": {""orderbook_fp"": {""no_dollars"": [], ""yes_dollars"": []}}}",KXMLBF5SPREAD-26JUN162140BALSEA,mlb,SEA,BAL,,f5_spread,12,13,,,13,,,rest_batch
3426890,KXMLBF5SPREAD-26JUN162140BALSEA-SEA2,2026-06-17T04:15:15.022711+00:00,[],[],2,34,"{""orderbook"": {""orderbook_fp"": {""no_dollars"": [], ""yes_dollars"": []}}}",KXMLBF5SPREAD-26JUN162140BALSEA,mlb,SEA,BAL,,f5_spread,33,35,,,36,,,rest_batch
3426891,KXMLBF5SPREAD-26JUN162140BALSEA-SEA3,2026-06-17T04:15:15.022711+00:00,[],[],1,22,"{""orderbook"": {""orderbook_fp"": {""no_dollars"": [], ""yes_dollars"": []}}}",KXMLBF5SPREAD-26JUN162140BALSEA,mlb,SEA,BAL,,f5_spread,22,23,,,,,,rest_batch
3426892,KXMLBF5SPREAD-26JUN162140LAAAZ-AZ2,2026-06-17T04:15:15.022711+00:00,[],[],1,28,"{""orderbook"": {""orderbook_fp"": {""no_dollars"": [], ""yes_dollars"": []}}}",KXMLBF5SPREAD-26JUN162140LAAAZ,mlb,AZ,LAA,,f5_spread,28,29,,,28,,,rest_batch
3426893,KXMLBF5SPREAD-26JUN162140LAAAZ-AZ3,2026-06-17T04:15:15.022711+00:00,[],[],1,17,"{""orderbook"": {""orderbook_fp"": {""no_dollars"": [], ""yes_dollars"": []}}}",KXMLBF5SPREAD-26JUN162140LAAAZ,mlb,AZ,LAA,,f5_spread,17,18,,,18,,,rest_batch
3426894,KXMLBF5SPREAD-26JUN162140LAAAZ-LAA2,2026-06-17T04:15:15.022711+00:00,[],[],2,31,"{""orderbook"": {""orderbook_fp"": {""no_dollars"": [], ""yes_dollars"": []}}}",KXMLBF5SPREAD-26JUN162140LAAAZ,mlb,AZ,LAA,,f5_spread,30,32,,,32,,,rest_batch
3426895,KXMLBF5SPREAD-26JUN162140LAAAZ-LAA3,2026-06-17T04:15:15.022711+00:00,[],[],2,20,"{""orderbook"": {""orderbook_fp"": {""no_dollars"": [], ""yes_dollars"": []}}}",KXMLBF5SPREAD-26JUN162140LAAAZ,mlb,AZ,LAA,,f5_spread,19,21,,,,,,rest_batch
3426896,KXMLBF5SPREAD-26JUN162140PITATH-ATH2,2026-06-17T04:15:15.022711+00:00,[],[],1,37,"{""orderbook"": {""orderbook_fp"": {""no_dollars"": [], ""yes_dollars"": []}}}",KXMLBF5SPREAD-26JUN162140PITATH,mlb,ATH,PIT,,f5_spread,37,38,,,38,,,rest_batch
3426897,KXMLBF5SPREAD-26JUN162140PITATH-ATH3,2026-06-17T04:15:15.022711+00:00,[],[],2,27,"{""orderbook"": {""orderbook_fp"": {""no_dollars"": [], ""yes_dollars"": []}}}",KXMLBF5SPREAD-26JUN162140PITATH,mlb,ATH,PIT,,f5_spread,26,28,,,24,,,rest_batch
3426898,KXMLBF5SPREAD-26JUN162140PITATH-PIT2,2026-06-17T04:15:15.022711+00:00,[],[],2,27,"{""orderbook"": {""orderbook_fp"": {""no_dollars"": [], ""yes_dollars"": []}}}",KXMLBF5SPREAD-26JUN162140PITATH,mlb,ATH,PIT,,f5_spread,26,28,,,28,,,rest_batch
3426899,KXMLBF5SPREAD-26JUN162140PITATH-PIT3,2026-06-17T04:15:15.022711+00:00,[],[],1,18,"{""orderbook"": {""orderbook_fp"": {""no_dollars"": [], ""yes_dollars"": []}}}",KXMLBF5SPREAD-26JUN162140PITATH,mlb,ATH,PIT,,f5_spread,18,19,,,,,,rest_batch
3426900,KXMLBF5SPREAD-26JUN162210TBLAD-LAD2,2026-06-17T04:15:15.022711+00:00,[],[],1,32,"{""orderbook"": {""orderbook_fp"": {""no_dollars"": [], ""yes_dollars"": []}}}",KXMLBF5SPREAD-26JUN162210TBLAD,mlb,LAD,TB,,f5_spread,32,33,,,32,,,rest_batch
3426901,KXMLBF5SPREAD-26JUN162210TBLAD-LAD3,2026-06-17T04:15:15.022711+00:00,[],[],1,21,"{""orderbook"": {""orderbook_fp"": {""no_dollars"": [], ""yes_dollars"": []}}}",KXMLBF5SPREAD-26JUN162210TBLAD,mlb,LAD,TB,,f5_spread,21,22,,,21,,,rest_batch
3426902,KXMLBF5SPREAD-26JUN162210TBLAD-TB2,2026-06-17T04:15:15.022711+00:00,[],[],1,25,"{""orderbook"": {""orderbook_fp"": {""no_dollars"": [], ""yes_dollars"": []}}}",KXMLBF5SPREAD-26JUN162210TBLAD,mlb,LAD,TB,,f5_spread,25,26,,,25,,,rest_batch
3426903,KXMLBF5SPREAD-26JUN162210TBLAD-TB3,2026-06-17T04:15:15.022711+00:00,[],[],1,16,"{""orderbook"": {""orderbook_fp"": {""no_dollars"": [], ""yes_dollars"": []}}}",KXMLBF5SPREAD-26JUN162210TBLAD,mlb,LAD,TB,,f5_spread,16,17,,,,,,rest_batch
3426904,KXMLBF5TOTAL-26JUN122215CHCSF-1,2026-06-17T04:15:15.022711+00:00,[],[],1,99,"{""orderbook"": {""orderbook_fp"": {""no_dollars"": [], ""yes_dollars"": []}}}",KXMLBF5TOTAL-26JUN122215CHCSF,mlb,SF,CHC,,f5_total,99,100,,,99,,,rest_batch
3426905,KXMLBF5TOTAL-26JUN122215CHCSF-2,2026-06-17T04:15:15.022711+00:00,[],[],1,99,"{""orderbook"": {""orderbook_fp"": {""no_dollars"": [], ""yes_dollars"": []}}}",KXMLBF5TOTAL-26JUN122215CHCSF,mlb,SF,CHC,,f5_total,99,100,,,99,,,rest_batch
3426906,KXMLBF5TOTAL-26JUN122215CHCSF-3,2026-06-17T04:15:15.022711+00:00,[],[],1,99,"{""orderbook"": {""orderbook_fp"": {""no_dollars"": [], ""yes_dollars"": []}}}",KXMLBF5TOTAL-26JUN122215CHCSF,mlb,SF,CHC,,f5_total,99,100,,,99,,,rest_batch
3426907,KXMLBF5TOTAL-26JUN122215CHCSF-4,2026-06-17T04:15:15.022711+00:00,[],[],1,99,"{""orderbook"": {""orderbook_fp"": {""no_dollars"": [], ""yes_dollars"": []}}}",KXMLBF5TOTAL-26JUN122215CHCSF,mlb,SF,CHC,,f5_total,99,100,,,99,,,rest_batch
3426908,KXMLBF5TOTAL-26JUN122215CHCSF-5,2026-06-17T04:15:15.022711+00:00,[],[],1,99,"{""orderbook"": {""orderbook_fp"": {""no_dollars"": [], ""yes_dollars"": []}}}",KXMLBF5TOTAL-26JUN122215CHCSF,mlb,SF,CHC,,f5_total,99,100,,,99,,,rest_batch
3426909,KXMLBF5TOTAL-26JUN122215CHCSF-6,2026-06-17T04:15:15.022711+00:00,[],[],34,38,"{""orderbook"": {""orderbook_fp"": {""no_dollars"": [], ""yes_dollars"": []}}}",KXMLBF5TOTAL-26JUN122215CHCSF,mlb,SF,CHC,,f5_total,21,55,,,20,,,rest_batch
3426910,KXMLBF5TOTAL-26JUN122215CHCSF-7,2026-06-17T04:15:15.022711+00:00,[],[],33,24,"{""orderbook"": {""orderbook_fp"": {""no_dollars"": [], ""yes_dollars"": []}}}",KXMLBF5TOTAL-26JUN122215CHCSF,mlb,SF,CHC,,f5_total,8,41,,,7,,,rest_batch
3426911,KXMLBF5TOTAL-26JUN131410STLMIN-1,2026-06-17T04:15:15.022711+00:00,[],[],16,87,"{""orderbook"": {""orderbook_fp"": {""no_dollars"": [], ""yes_dollars"": []}}}",KXMLBF5TOTAL-26JUN131410STLMIN,mlb,MIN,STL,,f5_total,79,95,,,,,,rest_batch
3426912,KXMLBF5TOTAL-26JUN131410STLMIN-2,2026-06-17T04:15:15.022711+00:00,[],[],25,79,"{""orderbook"": {""orderbook_fp"": {""no_dollars"": [], ""yes_dollars"": []}}}",KXMLBF5TOTAL-26JUN131410STLMIN,mlb,MIN,STL,,f5_total,67,92,,,92,,,rest_batch
3426913,KXMLBF5TOTAL-26JUN131410STLMIN-3,2026-06-17T04:15:15.022711+00:00,[],[],2,78,"{""orderbook"": {""orderbook_fp"": {""no_dollars"": [], ""yes_dollars"": []}}}",KXMLBF5TOTAL-26JUN131410STLMIN,mlb,MIN,STL,,f5_total,77,79,,,,,,rest_batch
3426914,KXMLBF5TOTAL-26JUN131410STLMIN-4,2026-06-17T04:15:15.022711+00:00,[],[],2,65,"{""orderbook"": {""orderbook_fp"": {""no_dollars"": [], ""yes_dollars"": []}}}",KXMLBF5TOTAL-26JUN131410STLMIN,mlb,MIN,STL,,f5_total,64,66,,,,,,rest_batch
3426915,KXMLBF5TOTAL-26JUN131410STLMIN-5,2026-06-17T04:15:15.022711+00:00,[],[],2,51,"{""orderbook"": {""orderbook_fp"": {""no_dollars"": [], ""yes_dollars"": []}}}",KXMLBF5TOTAL-26JUN131410STLMIN,mlb,MIN,STL,,f5_total,50,52,,,,,,rest_batch
3426916,KXMLBF5TOTAL-26JUN131410STLMIN-6,2026-06-17T04:15:15.022711+00:00,[],[],2,39,"{""orderbook"": {""orderbook_fp"": {""no_dollars"": [], ""yes_dollars"": []}}}",KXMLBF5TOTAL-26JUN131410STLMIN,mlb,MIN,STL,,f5_total,38,40,,,,,,rest_batch
3426917,KXMLBF5TOTAL-26JUN131410STLMIN-7,2026-06-17T04:15:15.022711+00:00,[],[],3,28,"{""orderbook"": {""orderbook_fp"": {""no_dollars"": [], ""yes_dollars"": []}}}",KXMLBF5TOTAL-26JUN131410STLMIN,mlb,MIN,STL,,f5_total,27,30,,,30,,,rest_batch
3426918,KXMLBF5TOTAL-26JUN131507NYYTOR-1,2026-06-17T04:15:15.022711+00:00,[],[],22,84,"{""orderbook"": {""orderbook_fp"": {""no_dollars"": [], ""yes_dollars"": []}}}",KXMLBF5TOTAL-26JUN131507NYYTOR,mlb,TOR,NYY,,f5_total,73,95,,,,,,rest_batch
3426919,KXMLBF5TOTAL-26JUN131507NYYTOR-2,2026-06-17T04:15:15.022711+00:00,[],[],2,84,"{""orderbook"": {""orderbook_fp"": {""no_dollars"": [], ""yes_dollars"": []}}}",KXMLBF5TOTAL-26JUN131507NYYTOR,mlb,TOR,NYY,,f5_total,83,85,,,85,,,rest_batch
3426920,KXMLBF5TOTAL-26JUN131507NYYTOR-3,2026-06-17T04:15:15.022711+00:00,[],[],1,69,"{""orderbook"": {""orderbook_fp"": {""no_dollars"": [], ""yes_dollars"": []}}}",KXMLBF5TOTAL-26JUN131507NYYTOR,mlb,TOR,NYY,,f5_total,69,70,,,,,,rest_batch
3426921,KXMLBF5TOTAL-26JUN131507NYYTOR-4,2026-06-17T04:15:15.022711+00:00,[],[],2,56,"{""orderbook"": {""orderbook_fp"": {""no_dollars"": [], ""yes_dollars"": []}}}",KXMLBF5TOTAL-26JUN131507NYYTOR,mlb,TOR,NYY,,f5_total,55,57,,,54,,,rest_batch
3426922,KXMLBF5TOTAL-26JUN131507NYYTOR-5,2026-06-17T04:15:15.022711+00:00,[],[],2,42,"{""orderbook"": {""orderbook_fp"": {""no_dollars"": [], ""yes_dollars"": []}}}",KXMLBF5TOTAL-26JUN131507NYYTOR,mlb,TOR,NYY,,f5_total,41,43,,,,,,rest_batch
3426923,KXMLBF5TOTAL-26JUN131507NYYTOR-6,2026-06-17T04:15:15.022711+00:00,[],[],3,29,"{""orderbook"": {""orderbook_fp"": {""no_dollars"": [], ""yes_dollars"": []}}}",KXMLBF5TOTAL-26JUN131507NYYTOR,mlb,TOR,NYY,,f5_total,28,31,,,,,,rest_batch
3426924,KXMLBF5TOTAL-26JUN131507NYYTOR-7,2026-06-17T04:15:15.022711+00:00,[],[],3,20,"{""orderbook"": {""orderbook_fp"": {""no_dollars"": [], ""yes_dollars"": []}}}",KXMLBF5TOTAL-26JUN131507NYYTOR,mlb,TOR,NYY,,f5_total,19,22,,,,,,rest_batch
3426925,KXMLBF5TOTAL-26JUN131605SDBAL-1,2026-06-17T04:15:15.022711+00:00,[],[],17,86,"{""orderbook"": {""orderbook_fp"": {""no_dollars"": [], ""yes_dollars"": []}}}",KXMLBF5TOTAL-26JUN131605SDBAL,mlb,BAL,SD,,f5_total,78,95,,,,,,rest_batch
3426926,KXMLBF5TOTAL-26JUN131605SDBAL-2,2026-06-17T04:15:15.022711+00:00,[],[],27,80,"{""orderbook"": {""orderbook_fp"": {""no_dollars"": [], ""yes_dollars"": []}}}",KXMLBF5TOTAL-26JUN131605SDBAL,mlb,BAL,SD,,f5_total,67,94,,,94,,,rest_batch
3426927,KXMLBF5TOTAL-26JUN131605SDBAL-3,2026-06-17T04:15:15.022711+00:00,[],[],4,84,"{""orderbook"": {""orderbook_fp"": {""no_dollars"": [], ""yes_dollars"": []}}}",KXMLBF5TOTAL-26JUN131605SDBAL,mlb,BAL,SD,,f5_total,82,86,,,,,,rest_batch
3426928,KXMLBF5TOTAL-26JUN131605SDBAL-4,2026-06-17T04:15:15.022711+00:00,[],[],2,74,"{""orderbook"": {""orderbook_fp"": {""no_dollars"": [], ""yes_dollars"": []}}}",KXMLBF5TOTAL-26JUN131605SDBAL,mlb,BAL,SD,,f5_total,73,75,,,,,,rest_batch
3426929,KXMLBF5TOTAL-26JUN131605SDBAL-5,2026-06-17T04:15:15.022711+00:00,[],[],3,62,"{""orderbook"": {""orderbook_fp"": {""no_dollars"": [], ""yes_dollars"": []}}}",KXMLBF5TOTAL-26JUN131605SDBAL,mlb,BAL,SD,,f5_total,61,64,,,,,,rest_batch
3426930,KXMLBF5TOTAL-26JUN131605SDBAL-6,2026-06-17T04:15:15.022711+00:00,[],[],1,49,"{""orderbook"": {""orderbook_fp"": {""no_dollars"": [], ""yes_dollars"": []}}}",KXMLBF5TOTAL-26JUN131605SDBAL,mlb,BAL,SD,,f5_total,49,50,,,,,,rest_batch
3426931,KXMLBF5TOTAL-26JUN131605SDBAL-7,2026-06-17T04:15:15.022711+00:00,[],[],2,39,"{""orderbook"": {""orderbook_fp"": {""no_dollars"": [], ""yes_dollars"": []}}}",KXMLBF5TOTAL-26JUN131605SDBAL,mlb,BAL,SD,,f5_total,38,40,,,,,,rest_batch
3426932,KXMLBF5TOTAL-26JUN131605SEAWSH-1,2026-06-17T04:15:15.022711+00:00,[],[],16,87,"{""orderbook"": {""orderbook_fp"": {""no_dollars"": [], ""yes_dollars"": []}}}",KXMLBF5TOTAL-26JUN131605SEAWSH,mlb,WSH,SEA,,f5_total,79,95,,,,,,rest_batch
3426933,KXMLBF5TOTAL-26JUN131605SEAWSH-2,2026-06-17T04:15:15.022711+00:00,[],[],19,81,"{""orderbook"": {""orderbook_fp"": {""no_dollars"": [], ""yes_dollars"": []}}}",KXMLBF5TOTAL-26JUN131605SEAWSH,mlb,WSH,SEA,,f5_total,72,91,,,92,,,rest_batch
3426934,KXMLBF5TOTAL-26JUN131605SEAWSH-3,2026-06-17T04:15:15.022711+00:00,[],[],37,63,"{""orderbook"": {""orderbook_fp"": {""no_dollars"": [], ""yes_dollars"": []}}}",KXMLBF5TOTAL-26JUN131605SEAWSH,mlb,WSH,SEA,,f5_total,45,82,,,,,,rest_batch
3426935,KXMLBF5TOTAL-26JUN131605SEAWSH-4,2026-06-17T04:15:15.022711+00:00,[],[],2,66,"{""orderbook"": {""orderbook_fp"": {""no_dollars"": [], ""yes_dollars"": []}}}",KXMLBF5TOTAL-26JUN131605SEAWSH,mlb,WSH,SEA,,f5_total,65,67,,,,,,rest_batch
3426936,KXMLBF5TOTAL-26JUN131605SEAWSH-5,2026-06-17T04:15:15.022711+00:00,[],[],2,52,"{""orderbook"": {""orderbook_fp"": {""no_dollars"": [], ""yes_dollars"": []}}}",KXMLBF5TOTAL-26JUN131605SEAWSH,mlb,WSH,SEA,,f5_total,51,53,,,54,,,rest_batch
3426937,KXMLBF5TOTAL-26JUN131605SEAWSH-6,2026-06-17T04:15:15.022711+00:00,[],[],2,40,"{""orderbook"": {""orderbook_fp"": {""no_dollars"": [], ""yes_dollars"": []}}}",KXMLBF5TOTAL-26JUN131605SEAWSH,mlb,WSH,SEA,,f5_total,39,41,,,,,,rest_batch
3426938,KXMLBF5TOTAL-26JUN131605SEAWSH-7,2026-06-17T04:15:15.022711+00:00,[],[],17,23,"{""orderbook"": {""orderbook_fp"": {""no_dollars"": [], ""yes_dollars"": []}}}",KXMLBF5TOTAL-26JUN131605SEAWSH,mlb,WSH,SEA,,f5_total,15,32,,,,,,rest_batch
3426939,KXMLBF5TOTAL-26JUN131610ATLNYM-1,2026-06-17T04:15:15.022711+00:00,[],[],23,83,"{""orderbook"": {""orderbook_fp"": {""no_dollars"": [], ""yes_dollars"": []}}}",KXMLBF5TOTAL-26JUN131610ATLNYM,mlb,NYM,ATL,,f5_total,72,95,,,,,,rest_batch
3426940,KXMLBF5TOTAL-26JUN131610ATLNYM-2,2026-06-17T04:15:15.022711+00:00,[],[],40,74,"{""orderbook"": {""orderbook_fp"": {""no_dollars"": [], ""yes_dollars"": []}}}",KXMLBF5TOTAL-26JUN131610ATLNYM,mlb,NYM,ATL,,f5_total,54,94,,,94,,,rest_batch
3426941,KXMLBF5TOTAL-26JUN131610ATLNYM-3,2026-06-17T04:15:15.022711+00:00,[],[],46,61,"{""orderbook"": {""orderbook_fp"": {""no_dollars"": [], ""yes_dollars"": []}}}",KXMLBF5TOTAL-26JUN131610ATLNYM,mlb,NYM,ATL,,f5_total,38,84,,,,,,rest_batch
3426942,KXMLBF5TOTAL-26JUN131610ATLNYM-4,2026-06-17T04:15:15.022711+00:00,[],[],8,62,"{""orderbook"": {""orderbook_fp"": {""no_dollars"": [], ""yes_dollars"": []}}}",KXMLBF5TOTAL-26JUN131610ATLNYM,mlb,NYM,ATL,,f5_total,58,66,,,,,,rest_batch
3426943,KXMLBF5TOTAL-26JUN131610ATLNYM-5,2026-06-17T04:15:15.022711+00:00,[],[],8,50,"{""orderbook"": {""orderbook_fp"": {""no_dollars"": [], ""yes_dollars"": []}}}",KXMLBF5TOTAL-26JUN131610ATLNYM,mlb,NYM,ATL,,f5_total,46,54,,,,,,rest_batch
3426944,KXMLBF5TOTAL-26JUN131610ATLNYM-6,2026-06-17T04:15:15.022711+00:00,[],[],47,43,"{""orderbook"": {""orderbook_fp"": {""no_dollars"": [], ""yes_dollars"": []}}}",KXMLBF5TOTAL-26JUN131610ATLNYM,mlb,NYM,ATL,,f5_total,20,67,,,,,,rest_batch
3426945,KXMLBF5TOTAL-26JUN131610ATLNYM-7,2026-06-17T04:15:15.022711+00:00,[],[],37,32,"{""orderbook"": {""orderbook_fp"": {""no_dollars"": [], ""yes_dollars"": []}}}",KXMLBF5TOTAL-26JUN131610ATLNYM,mlb,NYM,ATL,,f5_total,14,51,,,,,,rest_batch
3426946,KXMLBF5TOTAL-26JUN131610AZCIN-1,2026-06-17T04:15:15.022711+00:00,[],[],17,86,"{""orderbook"": {""orderbook_fp"": {""no_dollars"": [], ""yes_dollars"": []}}}",KXMLBF5TOTAL-26JUN131610AZCIN,mlb,CIN,AZ,,f5_total,78,95,,,,,,rest_batch
3426947,KXMLBF5TOTAL-26JUN131610AZCIN-2,2026-06-17T04:15:15.022711+00:00,[],[],41,74,"{""orderbook"": {""orderbook_fp"": {""no_dollars"": [], ""yes_dollars"": []}}}",KXMLBF5TOTAL-26JUN131610AZCIN,mlb,CIN,AZ,,f5_total,54,95,,,95,,,rest_batch
3426948,KXMLBF5TOTAL-26JUN131610AZCIN-3,2026-06-17T04:15:15.022711+00:00,[],[],2,77,"{""orderbook"": {""orderbook_fp"": {""no_dollars"": [], ""yes_dollars"": []}}}",KXMLBF5TOTAL-26JUN131610AZCIN,mlb,CIN,AZ,,f5_total,76,78,,,,,,rest_batch
3426949,KXMLBF5TOTAL-26JUN131610AZCIN-4,2026-06-17T04:15:15.022711+00:00,[],[],2,64,"{""orderbook"": {""orderbook_fp"": {""no_dollars"": [], ""yes_dollars"": []}}}",KXMLBF5TOTAL-26JUN131610AZCIN,mlb,CIN,AZ,,f5_total,63,65,,,,,,rest_batch
3426950,KXMLBF5TOTAL-26JUN131610AZCIN-5,2026-06-17T04:15:15.022711+00:00,[],[],1,51,"{""orderbook"": {""orderbook_fp"": {""no_dollars"": [], ""yes_dollars"": []}}}",KXMLBF5TOTAL-26JUN131610AZCIN,mlb,CIN,AZ,,f5_total,51,52,,,52,,,rest_batch
3426951,KXMLBF5TOTAL-26JUN131610AZCIN-6,2026-06-17T04:15:15.022711+00:00,[],[],3,38,"{""orderbook"": {""orderbook_fp"": {""no_dollars"": [], ""yes_dollars"": []}}}",KXMLBF5TOTAL-26JUN131610AZCIN,mlb,CIN,AZ,,f5_total,37,40,,,,,,rest_batch
3426952,KXMLBF5TOTAL-26JUN131610AZCIN-7,2026-06-17T04:15:15.022711+00:00,[],[],2,28,"{""orderbook"": {""orderbook_fp"": {""no_dollars"": [], ""yes_dollars"": []}}}",KXMLBF5TOTAL-26JUN131610AZCIN,mlb,CIN,AZ,,f5_total,27,29,,,,,,rest_batch
3426953,KXMLBF5TOTAL-26JUN131610DETCLE-1,2026-06-17T04:15:15.022711+00:00,[],[],19,85,"{""orderbook"": {""orderbook_fp"": {""no_dollars"": [], ""yes_dollars"": []}}}",KXMLBF5TOTAL-26JUN131610DETCLE,mlb,CLE,DET,,f5_total,76,95,,,,,,rest_batch
3426954,KXMLBF5TOTAL-26JUN131610DETCLE-2,2026-06-17T04:15:15.022711+00:00,[],[],2,84,"{""orderbook"": {""orderbook_fp"": {""no_dollars"": [], ""yes_dollars"": []}}}",KXMLBF5TOTAL-26JUN131610DETCLE,mlb,CLE,DET,,f5_total,83,85,,,85,,,rest_batch
3426955,KXMLBF5TOTAL-26JUN131610DETCLE-3,2026-06-17T04:15:15.022711+00:00,[],[],2,72,"{""orderbook"": {""orderbook_fp"": {""no_dollars"": [], ""yes_dollars"": []}}}",KXMLBF5TOTAL-26JUN131610DETCLE,mlb,CLE,DET,,f5_total,71,73,,,,,,rest_batch
3426956,KXMLBF5TOTAL-26JUN131610DETCLE-4,2026-06-17T04:15:15.022711+00:00,[],[],2,59,"{""orderbook"": {""orderbook_fp"": {""no_dollars"": [], ""yes_dollars"": []}}}",KXMLBF5TOTAL-26JUN131610DETCLE,mlb,CLE,DET,,f5_total,58,60,,,,,,rest_batch
3426957,KXMLBF5TOTAL-26JUN131610DETCLE-5,2026-06-17T04:15:15.022711+00:00,[],[],1,44,"{""orderbook"": {""orderbook_fp"": {""no_dollars"": [], ""yes_dollars"": []}}}",KXMLBF5TOTAL-26JUN131610DETCLE,mlb,CLE,DET,,f5_total,44,45,,,,,,rest_batch
3426958,KXMLBF5TOTAL-26JUN131610DETCLE-6,2026-06-17T04:15:15.022711+00:00,[],[],2,34,"{""orderbook"": {""orderbook_fp"": {""no_dollars"": [], ""yes_dollars"": []}}}",KXMLBF5TOTAL-26JUN131610DETCLE,mlb,CLE,DET,,f5_total,33,35,,,,,,rest_batch
3426959,KXMLBF5TOTAL-26JUN131610DETCLE-7,2026-06-17T04:15:15.022711+00:00,[],[],3,23,"{""orderbook"": {""orderbook_fp"": {""no_dollars"": [], ""yes_dollars"": []}}}",KXMLBF5TOTAL-26JUN131610DETCLE,mlb,CLE,DET,,f5_total,22,25,,,,,,rest_batch
3426960,KXMLBF5TOTAL-26JUN131610LADCWS-1,2026-06-17T04:15:15.022711+00:00,[],[],18,86,"{""orderbook"": {""orderbook_fp"": {""no_dollars"": [], ""yes_dollars"": []}}}",KXMLBF5TOTAL-26JUN131610LADCWS,mlb,CWS,LAD,,f5_total,77,95,,,,,,rest_batch
3426961,KXMLBF5TOTAL-26JUN131610LADCWS-2,2026-06-17T04:15:15.022711+00:00,[],[],25,79,"{""orderbook"": {""orderbook_fp"": {""no_dollars"": [], ""yes_dollars"": []}}}",KXMLBF5TOTAL-26JUN131610LADCWS,mlb,CWS,LAD,,f5_total,67,92,,,89,,,rest_batch
3426962,KXMLBF5TOTAL-26JUN131610LADCWS-3,2026-06-17T04:15:15.022711+00:00,[],[],2,73,"{""orderbook"": {""orderbook_fp"": {""no_dollars"": [], ""yes_dollars"": []}}}",KXMLBF5TOTAL-26JUN131610LADCWS,mlb,CWS,LAD,,f5_total,72,74,,,,,,rest_batch
