id,market_ticker,snapped_at,yes_bids_json,yes_asks_json,spread_cents,mid_cents,raw_json,event_ticker,sport,home_team,away_team,game_pk,market_type,yes_bid,yes_ask,no_bid,no_ask,last_price,volume,open_interest,source
3429310,KXMLBTEAMTOTAL-26JUN161915SFATL-SF8,2026-06-17T04:15:33.011033+00:00,,,57,35,"{""type"": ""ticker"", ""sid"": 1, ""msg"": {""market_id"": ""54f3b081-212a-4a24-ad23-1bf492100a8e"", ""market_ticker"": ""KXMLBTEAMTOTAL-26JUN161915SFATL-SF8"", ""price_dollars"": ""0.2000"", ""yes_bid_dollars"": ""0.0700"", ""yes_ask_dollars"": ""0.6400"", ""volume_fp"": ""5341.70"", ""open_interest_fp"": ""5341.70"", ""dollar_volume"": 2670, ""dollar_open_interest"": 2670, ""yes_bid_size_fp"": ""1.00"", ""yes_ask_size_fp"": ""1.00"", ""last_trade_size_fp"": ""1.00"", ""ts"": 1781669732, ""ts_ms"": 1781669732029, ""time"": ""2026-06-17T04:15:32.029939Z""}}",KXMLBTEAMTOTAL-26JUN161915SFATL,mlb,ATL,SF,,team_total,7,64,36,93,20,5341,5341,ws_ticker
3429309,KXMLBTEAMTOTAL-26JUN162140PITATH-ATH8,2026-06-17T04:15:33.010298+00:00,,,69,39,"{""type"": ""ticker"", ""sid"": 1, ""msg"": {""market_id"": ""b44f60d5-dd63-43f9-b361-9aadd408d66f"", ""market_ticker"": ""KXMLBTEAMTOTAL-26JUN162140PITATH-ATH8"", ""price_dollars"": ""0.0700"", ""yes_bid_dollars"": ""0.0500"", ""yes_ask_dollars"": ""0.7400"", ""volume_fp"": ""4173.00"", ""open_interest_fp"": ""3067.30"", ""dollar_volume"": 2086, ""dollar_open_interest"": 1533, ""yes_bid_size_fp"": ""50.00"", ""yes_ask_size_fp"": ""1.00"", ""last_trade_size_fp"": ""535.64"", ""ts"": 1781669731, ""ts_ms"": 1781669731963, ""time"": ""2026-06-17T04:15:31.963386Z""}}",KXMLBTEAMTOTAL-26JUN162140PITATH,mlb,ATH,PIT,,team_total,5,74,26,95,7,4173,3067,ws_ticker
3429308,KXMLBTEAMTOTAL-26JUN161915SFATL-SF8,2026-06-17T04:15:32.012058+00:00,,,57,35,"{""type"": ""ticker"", ""sid"": 1, ""msg"": {""market_id"": ""54f3b081-212a-4a24-ad23-1bf492100a8e"", ""market_ticker"": ""KXMLBTEAMTOTAL-26JUN161915SFATL-SF8"", ""price_dollars"": ""0.2000"", ""yes_bid_dollars"": ""0.0700"", ""yes_ask_dollars"": ""0.6400"", ""volume_fp"": ""5341.70"", ""open_interest_fp"": ""5341.70"", ""dollar_volume"": 2670, ""dollar_open_interest"": 2670, ""yes_bid_size_fp"": ""3.00"", ""yes_ask_size_fp"": ""1.00"", ""last_trade_size_fp"": ""1.00"", ""ts"": 1781669731, ""ts_ms"": 1781669731114, ""time"": ""2026-06-17T04:15:31.114802Z""}}",KXMLBTEAMTOTAL-26JUN161915SFATL,mlb,ATL,SF,,team_total,7,64,36,93,20,5341,5341,ws_ticker
3429307,KXMLBTEAMTOTAL-26JUN162140PITATH-ATH6,2026-06-17T04:15:32.011586+00:00,,,26,77,"{""type"": ""ticker"", ""sid"": 1, ""msg"": {""market_id"": ""ed360a1f-9710-4c68-a1a3-02d5df386a83"", ""market_ticker"": ""KXMLBTEAMTOTAL-26JUN162140PITATH-ATH6"", ""price_dollars"": ""0.7100"", ""yes_bid_dollars"": ""0.6400"", ""yes_ask_dollars"": ""0.9000"", ""volume_fp"": ""15858.16"", ""open_interest_fp"": ""13764.28"", ""dollar_volume"": 7929, ""dollar_open_interest"": 6882, ""yes_bid_size_fp"": ""1.00"", ""yes_ask_size_fp"": ""1.00"", ""last_trade_size_fp"": ""115.94"", ""ts"": 1781669731, ""ts_ms"": 1781669731018, ""time"": ""2026-06-17T04:15:31.018094Z""}}",KXMLBTEAMTOTAL-26JUN162140PITATH,mlb,ATH,PIT,,team_total,64,90,10,36,71,15858,13764,ws_ticker
3429306,KXMLBTEAMTOTAL-26JUN162140PITATH-ATH8,2026-06-17T04:15:32.011122+00:00,,,66,41,"{""type"": ""ticker"", ""sid"": 1, ""msg"": {""market_id"": ""b44f60d5-dd63-43f9-b361-9aadd408d66f"", ""market_ticker"": ""KXMLBTEAMTOTAL-26JUN162140PITATH-ATH8"", ""price_dollars"": ""0.0700"", ""yes_bid_dollars"": ""0.0800"", ""yes_ask_dollars"": ""0.7400"", ""volume_fp"": ""4173.00"", ""open_interest_fp"": ""3067.30"", ""dollar_volume"": 2086, ""dollar_open_interest"": 1533, ""yes_bid_size_fp"": ""1450.00"", ""yes_ask_size_fp"": ""1.00"", ""last_trade_size_fp"": ""535.64"", ""ts"": 1781669730, ""ts_ms"": 1781669730974, ""time"": ""2026-06-17T04:15:30.974592Z""}}",KXMLBTEAMTOTAL-26JUN162140PITATH,mlb,ATH,PIT,,team_total,8,74,26,92,7,4173,3067,ws_ticker
3429305,KXMLBTEAMTOTAL-26JUN162140PITATH-ATH7,2026-06-17T04:15:32.010508+00:00,,,55,63,"{""type"": ""ticker"", ""sid"": 1, ""msg"": {""market_id"": ""8810ac6d-5904-4eef-8cbe-0606fb20fea8"", ""market_ticker"": ""KXMLBTEAMTOTAL-26JUN162140PITATH-ATH7"", ""price_dollars"": ""0.3800"", ""yes_bid_dollars"": ""0.3600"", ""yes_ask_dollars"": ""0.9100"", ""volume_fp"": ""5335.68"", ""open_interest_fp"": ""4236.44"", ""dollar_volume"": 2667, ""dollar_open_interest"": 2118, ""yes_bid_size_fp"": ""1.00"", ""yes_ask_size_fp"": ""50.00"", ""last_trade_size_fp"": ""15.71"", ""ts"": 1781669730, ""ts_ms"": 1781669730844, ""time"": ""2026-06-17T04:15:30.844973Z""}}",KXMLBTEAMTOTAL-26JUN162140PITATH,mlb,ATH,PIT,,team_total,36,91,9,64,38,5335,4236,ws_ticker
3429304,KXMLBTEAMTOTAL-26JUN161915SFATL-SF8,2026-06-17T04:15:31.009885+00:00,,,57,35,"{""type"": ""ticker"", ""sid"": 1, ""msg"": {""market_id"": ""54f3b081-212a-4a24-ad23-1bf492100a8e"", ""market_ticker"": ""KXMLBTEAMTOTAL-26JUN161915SFATL-SF8"", ""price_dollars"": ""0.2000"", ""yes_bid_dollars"": ""0.0700"", ""yes_ask_dollars"": ""0.6400"", ""volume_fp"": ""5341.70"", ""open_interest_fp"": ""5341.70"", ""dollar_volume"": 2670, ""dollar_open_interest"": 2670, ""yes_bid_size_fp"": ""1.00"", ""yes_ask_size_fp"": ""1.00"", ""last_trade_size_fp"": ""1.00"", ""ts"": 1781669730, ""ts_ms"": 1781669730123, ""time"": ""2026-06-17T04:15:30.123459Z""}}",KXMLBTEAMTOTAL-26JUN161915SFATL,mlb,ATL,SF,,team_total,7,64,36,93,20,5341,5341,ws_ticker
3429303,KXMLBTEAMTOTAL-26JUN161915SFATL-SF8,2026-06-17T04:15:30.011586+00:00,,,57,35,"{""type"": ""ticker"", ""sid"": 1, ""msg"": {""market_id"": ""54f3b081-212a-4a24-ad23-1bf492100a8e"", ""market_ticker"": ""KXMLBTEAMTOTAL-26JUN161915SFATL-SF8"", ""price_dollars"": ""0.2000"", ""yes_bid_dollars"": ""0.0700"", ""yes_ask_dollars"": ""0.6400"", ""volume_fp"": ""5341.70"", ""open_interest_fp"": ""5341.70"", ""dollar_volume"": 2670, ""dollar_open_interest"": 2670, ""yes_bid_size_fp"": ""3.00"", ""yes_ask_size_fp"": ""1.00"", ""last_trade_size_fp"": ""1.00"", ""ts"": 1781669729, ""ts_ms"": 1781669729183, ""time"": ""2026-06-17T04:15:29.183956Z""}}",KXMLBTEAMTOTAL-26JUN161915SFATL,mlb,ATL,SF,,team_total,7,64,36,93,20,5341,5341,ws_ticker
3429302,KXMLBTEAMTOTAL-26JUN162140PITATH-ATH7,2026-06-17T04:15:30.011093+00:00,,,56,64,"{""type"": ""ticker"", ""sid"": 1, ""msg"": {""market_id"": ""8810ac6d-5904-4eef-8cbe-0606fb20fea8"", ""market_ticker"": ""KXMLBTEAMTOTAL-26JUN162140PITATH-ATH7"", ""price_dollars"": ""0.3800"", ""yes_bid_dollars"": ""0.3600"", ""yes_ask_dollars"": ""0.9200"", ""volume_fp"": ""5335.68"", ""open_interest_fp"": ""4236.44"", ""dollar_volume"": 2667, ""dollar_open_interest"": 2118, ""yes_bid_size_fp"": ""1.00"", ""yes_ask_size_fp"": ""25.00"", ""last_trade_size_fp"": ""15.71"", ""ts"": 1781669728, ""ts_ms"": 1781669728871, ""time"": ""2026-06-17T04:15:28.871969Z""}}",KXMLBTEAMTOTAL-26JUN162140PITATH,mlb,ATH,PIT,,team_total,36,92,8,64,38,5335,4236,ws_ticker
3429301,KXMLBTEAMTOTAL-26JUN162140PITATH-PIT6,2026-06-17T04:15:30.010457+00:00,,,48,64,"{""type"": ""ticker"", ""sid"": 1, ""msg"": {""market_id"": ""255c197b-e90f-4c6c-8149-a50559a8fe80"", ""market_ticker"": ""KXMLBTEAMTOTAL-26JUN162140PITATH-PIT6"", ""price_dollars"": ""0.7700"", ""yes_bid_dollars"": ""0.4000"", ""yes_ask_dollars"": ""0.8800"", ""volume_fp"": ""5897.62"", ""open_interest_fp"": ""4677.22"", ""dollar_volume"": 2948, ""dollar_open_interest"": 2338, ""yes_bid_size_fp"": ""5.00"", ""yes_ask_size_fp"": ""16.00"", ""last_trade_size_fp"": ""1.20"", ""ts"": 1781669728, ""ts_ms"": 1781669728677, ""time"": ""2026-06-17T04:15:28.677874Z""}}",KXMLBTEAMTOTAL-26JUN162140PITATH,mlb,ATH,PIT,,team_total,40,88,12,60,77,5897,4677,ws_ticker
3429300,KXMLBTEAMTOTAL-26JUN161915SFATL-SF8,2026-06-17T04:15:29.010038+00:00,,,57,35,"{""type"": ""ticker"", ""sid"": 1, ""msg"": {""market_id"": ""54f3b081-212a-4a24-ad23-1bf492100a8e"", ""market_ticker"": ""KXMLBTEAMTOTAL-26JUN161915SFATL-SF8"", ""price_dollars"": ""0.2000"", ""yes_bid_dollars"": ""0.0700"", ""yes_ask_dollars"": ""0.6400"", ""volume_fp"": ""5341.70"", ""open_interest_fp"": ""5341.70"", ""dollar_volume"": 2670, ""dollar_open_interest"": 2670, ""yes_bid_size_fp"": ""1.00"", ""yes_ask_size_fp"": ""3.00"", ""last_trade_size_fp"": ""1.00"", ""ts"": 1781669728, ""ts_ms"": 1781669728176, ""time"": ""2026-06-17T04:15:28.176265Z""}}",KXMLBTEAMTOTAL-26JUN161915SFATL,mlb,ATL,SF,,team_total,7,64,36,93,20,5341,5341,ws_ticker
3429299,KXMLBTEAMTOTAL-26JUN161915SFATL-SF8,2026-06-17T04:15:28.010003+00:00,,,57,35,"{""type"": ""ticker"", ""sid"": 1, ""msg"": {""market_id"": ""54f3b081-212a-4a24-ad23-1bf492100a8e"", ""market_ticker"": ""KXMLBTEAMTOTAL-26JUN161915SFATL-SF8"", ""price_dollars"": ""0.2000"", ""yes_bid_dollars"": ""0.0700"", ""yes_ask_dollars"": ""0.6400"", ""volume_fp"": ""5341.70"", ""open_interest_fp"": ""5341.70"", ""dollar_volume"": 2670, ""dollar_open_interest"": 2670, ""yes_bid_size_fp"": ""3.00"", ""yes_ask_size_fp"": ""1.00"", ""last_trade_size_fp"": ""1.00"", ""ts"": 1781669727, ""ts_ms"": 1781669727161, ""time"": ""2026-06-17T04:15:27.16105Z""}}",KXMLBTEAMTOTAL-26JUN161915SFATL,mlb,ATL,SF,,team_total,7,64,36,93,20,5341,5341,ws_ticker
3429298,KXMLBTEAMTOTAL-26JUN162140PITATH-ATH8,2026-06-17T04:15:27.012716+00:00,,,69,39,"{""type"": ""ticker"", ""sid"": 1, ""msg"": {""market_id"": ""b44f60d5-dd63-43f9-b361-9aadd408d66f"", ""market_ticker"": ""KXMLBTEAMTOTAL-26JUN162140PITATH-ATH8"", ""price_dollars"": ""0.0700"", ""yes_bid_dollars"": ""0.0500"", ""yes_ask_dollars"": ""0.7400"", ""volume_fp"": ""4173.00"", ""open_interest_fp"": ""3067.30"", ""dollar_volume"": 2086, ""dollar_open_interest"": 1533, ""yes_bid_size_fp"": ""301.00"", ""yes_ask_size_fp"": ""1.00"", ""last_trade_size_fp"": ""535.64"", ""ts"": 1781669726, ""ts_ms"": 1781669726066, ""time"": ""2026-06-17T04:15:26.06693Z""}}",KXMLBTEAMTOTAL-26JUN162140PITATH,mlb,ATH,PIT,,team_total,5,74,26,95,7,4173,3067,ws_ticker
3429297,KXMLBTEAMTOTAL-26JUN162140PITATH-PIT7,2026-06-17T04:15:27.012211+00:00,,,37,37,"{""type"": ""ticker"", ""sid"": 1, ""msg"": {""market_id"": ""e18aec3f-027a-4ae6-93ef-a451f4d6ed8b"", ""market_ticker"": ""KXMLBTEAMTOTAL-26JUN162140PITATH-PIT7"", ""price_dollars"": ""0.6100"", ""yes_bid_dollars"": ""0.1900"", ""yes_ask_dollars"": ""0.5600"", ""volume_fp"": ""2224.22"", ""open_interest_fp"": ""2175.06"", ""dollar_volume"": 1112, ""dollar_open_interest"": 1087, ""yes_bid_size_fp"": ""10.00"", ""yes_ask_size_fp"": ""4.00"", ""last_trade_size_fp"": ""21.34"", ""ts"": 1781669726, ""ts_ms"": 1781669726045, ""time"": ""2026-06-17T04:15:26.045219Z""}}",KXMLBTEAMTOTAL-26JUN162140PITATH,mlb,ATH,PIT,,team_total,19,56,44,81,61,2224,2175,ws_ticker
3429296,KXMLBTEAMTOTAL-26JUN162140PITATH-PIT8,2026-06-17T04:15:27.011678+00:00,,,57,35,"{""type"": ""ticker"", ""sid"": 1, ""msg"": {""market_id"": ""1d254009-c1a6-4e0b-97af-854fc91d41b2"", ""market_ticker"": ""KXMLBTEAMTOTAL-26JUN162140PITATH-PIT8"", ""price_dollars"": ""0.4500"", ""yes_bid_dollars"": ""0.0700"", ""yes_ask_dollars"": ""0.6400"", ""volume_fp"": ""1298.02"", ""open_interest_fp"": ""1296.72"", ""dollar_volume"": 649, ""dollar_open_interest"": 648, ""yes_bid_size_fp"": ""1.00"", ""yes_ask_size_fp"": ""1.00"", ""last_trade_size_fp"": ""0.34"", ""ts"": 1781669726, ""ts_ms"": 1781669726027, ""time"": ""2026-06-17T04:15:26.027055Z""}}",KXMLBTEAMTOTAL-26JUN162140PITATH,mlb,ATH,PIT,,team_total,7,64,36,93,45,1298,1296,ws_ticker
3429295,KXMLBTEAMTOTAL-26JUN161915SFATL-SF8,2026-06-17T04:15:27.011091+00:00,,,57,35,"{""type"": ""ticker"", ""sid"": 1, ""msg"": {""market_id"": ""54f3b081-212a-4a24-ad23-1bf492100a8e"", ""market_ticker"": ""KXMLBTEAMTOTAL-26JUN161915SFATL-SF8"", ""price_dollars"": ""0.2000"", ""yes_bid_dollars"": ""0.0700"", ""yes_ask_dollars"": ""0.6400"", ""volume_fp"": ""5341.70"", ""open_interest_fp"": ""5341.70"", ""dollar_volume"": 2670, ""dollar_open_interest"": 2670, ""yes_bid_size_fp"": ""1.00"", ""yes_ask_size_fp"": ""1.00"", ""last_trade_size_fp"": ""1.00"", ""ts"": 1781669726, ""ts_ms"": 1781669726007, ""time"": ""2026-06-17T04:15:26.007513Z""}}",KXMLBTEAMTOTAL-26JUN161915SFATL,mlb,ATL,SF,,team_total,7,64,36,93,20,5341,5341,ws_ticker
3429294,KXMLBTEAMTOTAL-26JUN162140PITATH-PIT6,2026-06-17T04:15:27.010438+00:00,,,50,65,"{""type"": ""ticker"", ""sid"": 1, ""msg"": {""market_id"": ""255c197b-e90f-4c6c-8149-a50559a8fe80"", ""market_ticker"": ""KXMLBTEAMTOTAL-26JUN162140PITATH-PIT6"", ""price_dollars"": ""0.7700"", ""yes_bid_dollars"": ""0.4000"", ""yes_ask_dollars"": ""0.9000"", ""volume_fp"": ""5897.62"", ""open_interest_fp"": ""4677.22"", ""dollar_volume"": 2948, ""dollar_open_interest"": 2338, ""yes_bid_size_fp"": ""5.00"", ""yes_ask_size_fp"": ""20.00"", ""last_trade_size_fp"": ""1.20"", ""ts"": 1781669725, ""ts_ms"": 1781669725983, ""time"": ""2026-06-17T04:15:25.983385Z""}}",KXMLBTEAMTOTAL-26JUN162140PITATH,mlb,ATH,PIT,,team_total,40,90,10,60,77,5897,4677,ws_ticker
3429293,KXMLBTEAMTOTAL-26JUN161915SFATL-SF8,2026-06-17T04:15:26.012547+00:00,,,57,35,"{""type"": ""ticker"", ""sid"": 1, ""msg"": {""market_id"": ""54f3b081-212a-4a24-ad23-1bf492100a8e"", ""market_ticker"": ""KXMLBTEAMTOTAL-26JUN161915SFATL-SF8"", ""price_dollars"": ""0.2000"", ""yes_bid_dollars"": ""0.0700"", ""yes_ask_dollars"": ""0.6400"", ""volume_fp"": ""5341.70"", ""open_interest_fp"": ""5341.70"", ""dollar_volume"": 2670, ""dollar_open_interest"": 2670, ""yes_bid_size_fp"": ""3.00"", ""yes_ask_size_fp"": ""1.00"", ""last_trade_size_fp"": ""1.00"", ""ts"": 1781669725, ""ts_ms"": 1781669725085, ""time"": ""2026-06-17T04:15:25.085121Z""}}",KXMLBTEAMTOTAL-26JUN161915SFATL,mlb,ATL,SF,,team_total,7,64,36,93,20,5341,5341,ws_ticker
3429292,KXMLBTEAMTOTAL-26JUN162140PITATH-ATH6,2026-06-17T04:15:26.012078+00:00,,,27,77,"{""type"": ""ticker"", ""sid"": 1, ""msg"": {""market_id"": ""ed360a1f-9710-4c68-a1a3-02d5df386a83"", ""market_ticker"": ""KXMLBTEAMTOTAL-26JUN162140PITATH-ATH6"", ""price_dollars"": ""0.7100"", ""yes_bid_dollars"": ""0.6400"", ""yes_ask_dollars"": ""0.9100"", ""volume_fp"": ""15858.16"", ""open_interest_fp"": ""13764.28"", ""dollar_volume"": 7929, ""dollar_open_interest"": 6882, ""yes_bid_size_fp"": ""1.00"", ""yes_ask_size_fp"": ""1.00"", ""last_trade_size_fp"": ""115.94"", ""ts"": 1781669724, ""ts_ms"": 1781669724972, ""time"": ""2026-06-17T04:15:24.972037Z""}}",KXMLBTEAMTOTAL-26JUN162140PITATH,mlb,ATH,PIT,,team_total,64,91,9,36,71,15858,13764,ws_ticker
3429291,KXMLBTEAMTOTAL-26JUN162140PITATH-ATH8,2026-06-17T04:15:26.011607+00:00,,,56,35,"{""type"": ""ticker"", ""sid"": 1, ""msg"": {""market_id"": ""b44f60d5-dd63-43f9-b361-9aadd408d66f"", ""market_ticker"": ""KXMLBTEAMTOTAL-26JUN162140PITATH-ATH8"", ""price_dollars"": ""0.0700"", ""yes_bid_dollars"": ""0.0700"", ""yes_ask_dollars"": ""0.6300"", ""volume_fp"": ""4173.00"", ""open_interest_fp"": ""3067.30"", ""dollar_volume"": 2086, ""dollar_open_interest"": 1533, ""yes_bid_size_fp"": ""914.36"", ""yes_ask_size_fp"": ""1450.00"", ""last_trade_size_fp"": ""535.64"", ""ts"": 1781669724, ""ts_ms"": 1781669724907, ""time"": ""2026-06-17T04:15:24.907969Z""}}",KXMLBTEAMTOTAL-26JUN162140PITATH,mlb,ATH,PIT,,team_total,7,63,37,93,7,4173,3067,ws_ticker
3429290,KXMLBTEAMTOTAL-26JUN162140PITATH-PIT8,2026-06-17T04:15:26.011060+00:00,,,37,25,"{""type"": ""ticker"", ""sid"": 1, ""msg"": {""market_id"": ""1d254009-c1a6-4e0b-97af-854fc91d41b2"", ""market_ticker"": ""KXMLBTEAMTOTAL-26JUN162140PITATH-PIT8"", ""price_dollars"": ""0.4500"", ""yes_bid_dollars"": ""0.0700"", ""yes_ask_dollars"": ""0.4400"", ""volume_fp"": ""1298.02"", ""open_interest_fp"": ""1296.72"", ""dollar_volume"": 649, ""dollar_open_interest"": 648, ""yes_bid_size_fp"": ""1.00"", ""yes_ask_size_fp"": ""1450.00"", ""last_trade_size_fp"": ""0.34"", ""ts"": 1781669724, ""ts_ms"": 1781669724876, ""time"": ""2026-06-17T04:15:24.876891Z""}}",KXMLBTEAMTOTAL-26JUN162140PITATH,mlb,ATH,PIT,,team_total,7,44,56,93,45,1298,1296,ws_ticker
3429289,KXMLBTEAMTOTAL-26JUN162140PITATH-PIT7,2026-06-17T04:15:26.010463+00:00,,,28,37,"{""type"": ""ticker"", ""sid"": 1, ""msg"": {""market_id"": ""e18aec3f-027a-4ae6-93ef-a451f4d6ed8b"", ""market_ticker"": ""KXMLBTEAMTOTAL-26JUN162140PITATH-PIT7"", ""price_dollars"": ""0.6100"", ""yes_bid_dollars"": ""0.2300"", ""yes_ask_dollars"": ""0.5100"", ""volume_fp"": ""2224.22"", ""open_interest_fp"": ""2175.06"", ""dollar_volume"": 1112, ""dollar_open_interest"": 1087, ""yes_bid_size_fp"": ""299.00"", ""yes_ask_size_fp"": ""1450.00"", ""last_trade_size_fp"": ""21.34"", ""ts"": 1781669724, ""ts_ms"": 1781669724876, ""time"": ""2026-06-17T04:15:24.8764Z""}}",KXMLBTEAMTOTAL-26JUN162140PITATH,mlb,ATH,PIT,,team_total,23,51,49,77,61,2224,2175,ws_ticker
3429288,KXMLBTEAMTOTAL-26JUN162140PITATH-ATH7,2026-06-17T04:15:26.009780+00:00,,,58,65,"{""type"": ""ticker"", ""sid"": 1, ""msg"": {""market_id"": ""8810ac6d-5904-4eef-8cbe-0606fb20fea8"", ""market_ticker"": ""KXMLBTEAMTOTAL-26JUN162140PITATH-ATH7"", ""price_dollars"": ""0.3800"", ""yes_bid_dollars"": ""0.3600"", ""yes_ask_dollars"": ""0.9400"", ""volume_fp"": ""5335.68"", ""open_interest_fp"": ""4236.44"", ""dollar_volume"": 2667, ""dollar_open_interest"": 2118, ""yes_bid_size_fp"": ""1.00"", ""yes_ask_size_fp"": ""33.00"", ""last_trade_size_fp"": ""15.71"", ""ts"": 1781669724, ""ts_ms"": 1781669724825, ""time"": ""2026-06-17T04:15:24.825342Z""}}",KXMLBTEAMTOTAL-26JUN162140PITATH,mlb,ATH,PIT,,team_total,36,94,6,64,38,5335,4236,ws_ticker
3429287,KXMLBTEAMTOTAL-26JUN161915SFATL-SF8,2026-06-17T04:15:25.010670+00:00,,,57,35,"{""type"": ""ticker"", ""sid"": 1, ""msg"": {""market_id"": ""54f3b081-212a-4a24-ad23-1bf492100a8e"", ""market_ticker"": ""KXMLBTEAMTOTAL-26JUN161915SFATL-SF8"", ""price_dollars"": ""0.2000"", ""yes_bid_dollars"": ""0.0700"", ""yes_ask_dollars"": ""0.6400"", ""volume_fp"": ""5341.70"", ""open_interest_fp"": ""5341.70"", ""dollar_volume"": 2670, ""dollar_open_interest"": 2670, ""yes_bid_size_fp"": ""1.00"", ""yes_ask_size_fp"": ""1.00"", ""last_trade_size_fp"": ""1.00"", ""ts"": 1781669724, ""ts_ms"": 1781669724029, ""time"": ""2026-06-17T04:15:24.029291Z""}}",KXMLBTEAMTOTAL-26JUN161915SFATL,mlb,ATL,SF,,team_total,7,64,36,93,20,5341,5341,ws_ticker
3429286,KXMLBTEAMTOTAL-26JUN161915SFATL-SF8,2026-06-17T04:15:24.010015+00:00,,,57,35,"{""type"": ""ticker"", ""sid"": 1, ""msg"": {""market_id"": ""54f3b081-212a-4a24-ad23-1bf492100a8e"", ""market_ticker"": ""KXMLBTEAMTOTAL-26JUN161915SFATL-SF8"", ""price_dollars"": ""0.2000"", ""yes_bid_dollars"": ""0.0700"", ""yes_ask_dollars"": ""0.6400"", ""volume_fp"": ""5341.70"", ""open_interest_fp"": ""5341.70"", ""dollar_volume"": 2670, ""dollar_open_interest"": 2670, ""yes_bid_size_fp"": ""3.00"", ""yes_ask_size_fp"": ""1.00"", ""last_trade_size_fp"": ""1.00"", ""ts"": 1781669723, ""ts_ms"": 1781669723105, ""time"": ""2026-06-17T04:15:23.105946Z""}}",KXMLBTEAMTOTAL-26JUN161915SFATL,mlb,ATL,SF,,team_total,7,64,36,93,20,5341,5341,ws_ticker
3429285,KXMLBTEAMTOTAL-26JUN161915SFATL-SF8,2026-06-17T04:15:23.012634+00:00,,,57,35,"{""type"": ""ticker"", ""sid"": 1, ""msg"": {""market_id"": ""54f3b081-212a-4a24-ad23-1bf492100a8e"", ""market_ticker"": ""KXMLBTEAMTOTAL-26JUN161915SFATL-SF8"", ""price_dollars"": ""0.2000"", ""yes_bid_dollars"": ""0.0700"", ""yes_ask_dollars"": ""0.6400"", ""volume_fp"": ""5341.70"", ""open_interest_fp"": ""5341.70"", ""dollar_volume"": 2670, ""dollar_open_interest"": 2670, ""yes_bid_size_fp"": ""1.00"", ""yes_ask_size_fp"": ""3.00"", ""last_trade_size_fp"": ""1.00"", ""ts"": 1781669722, ""ts_ms"": 1781669722065, ""time"": ""2026-06-17T04:15:22.065418Z""}}",KXMLBTEAMTOTAL-26JUN161915SFATL,mlb,ATL,SF,,team_total,7,64,36,93,20,5341,5341,ws_ticker
3429284,KXMLBTEAMTOTAL-26JUN162140PITATH-ATH6,2026-06-17T04:15:23.012032+00:00,,,26,77,"{""type"": ""ticker"", ""sid"": 1, ""msg"": {""market_id"": ""ed360a1f-9710-4c68-a1a3-02d5df386a83"", ""market_ticker"": ""KXMLBTEAMTOTAL-26JUN162140PITATH-ATH6"", ""price_dollars"": ""0.7100"", ""yes_bid_dollars"": ""0.6400"", ""yes_ask_dollars"": ""0.9000"", ""volume_fp"": ""15858.16"", ""open_interest_fp"": ""13764.28"", ""dollar_volume"": 7929, ""dollar_open_interest"": 6882, ""yes_bid_size_fp"": ""1.00"", ""yes_ask_size_fp"": ""1.00"", ""last_trade_size_fp"": ""115.94"", ""ts"": 1781669721, ""ts_ms"": 1781669721974, ""time"": ""2026-06-17T04:15:21.974198Z""}}",KXMLBTEAMTOTAL-26JUN162140PITATH,mlb,ATH,PIT,,team_total,64,90,10,36,71,15858,13764,ws_ticker
3429283,KXMLBTEAMTOTAL-26JUN162140PITATH-ATH8,2026-06-17T04:15:23.011468+00:00,,,58,36,"{""type"": ""ticker"", ""sid"": 1, ""msg"": {""market_id"": ""b44f60d5-dd63-43f9-b361-9aadd408d66f"", ""market_ticker"": ""KXMLBTEAMTOTAL-26JUN162140PITATH-ATH8"", ""price_dollars"": ""0.0700"", ""yes_bid_dollars"": ""0.0700"", ""yes_ask_dollars"": ""0.6500"", ""volume_fp"": ""4173.00"", ""open_interest_fp"": ""3067.30"", ""dollar_volume"": 2086, ""dollar_open_interest"": 1533, ""yes_bid_size_fp"": ""914.36"", ""yes_ask_size_fp"": ""1450.00"", ""last_trade_size_fp"": ""535.64"", ""ts"": 1781669721, ""ts_ms"": 1781669721753, ""time"": ""2026-06-17T04:15:21.753423Z""}}",KXMLBTEAMTOTAL-26JUN162140PITATH,mlb,ATH,PIT,,team_total,7,65,35,93,7,4173,3067,ws_ticker
3429282,KXMLBTEAMTOTAL-26JUN162140PITATH-PIT8,2026-06-17T04:15:23.010606+00:00,,,39,26,"{""type"": ""ticker"", ""sid"": 1, ""msg"": {""market_id"": ""1d254009-c1a6-4e0b-97af-854fc91d41b2"", ""market_ticker"": ""KXMLBTEAMTOTAL-26JUN162140PITATH-PIT8"", ""price_dollars"": ""0.4500"", ""yes_bid_dollars"": ""0.0700"", ""yes_ask_dollars"": ""0.4600"", ""volume_fp"": ""1298.02"", ""open_interest_fp"": ""1296.72"", ""dollar_volume"": 649, ""dollar_open_interest"": 648, ""yes_bid_size_fp"": ""1.00"", ""yes_ask_size_fp"": ""1450.00"", ""last_trade_size_fp"": ""0.34"", ""ts"": 1781669721, ""ts_ms"": 1781669721591, ""time"": ""2026-06-17T04:15:21.59117Z""}}",KXMLBTEAMTOTAL-26JUN162140PITATH,mlb,ATH,PIT,,team_total,7,46,54,93,45,1298,1296,ws_ticker
3429281,KXMLBTEAMTOTAL-26JUN162140PITATH-PIT8,2026-06-17T04:15:22.012085+00:00,,,40,27,"{""type"": ""ticker"", ""sid"": 1, ""msg"": {""market_id"": ""1d254009-c1a6-4e0b-97af-854fc91d41b2"", ""market_ticker"": ""KXMLBTEAMTOTAL-26JUN162140PITATH-PIT8"", ""price_dollars"": ""0.4500"", ""yes_bid_dollars"": ""0.0700"", ""yes_ask_dollars"": ""0.4700"", ""volume_fp"": ""1298.02"", ""open_interest_fp"": ""1296.72"", ""dollar_volume"": 649, ""dollar_open_interest"": 648, ""yes_bid_size_fp"": ""1.00"", ""yes_ask_size_fp"": ""299.00"", ""last_trade_size_fp"": ""0.34"", ""ts"": 1781669721, ""ts_ms"": 1781669721535, ""time"": ""2026-06-17T04:15:21.535424Z""}}",KXMLBTEAMTOTAL-26JUN162140PITATH,mlb,ATH,PIT,,team_total,7,47,53,93,45,1298,1296,ws_ticker
3429280,KXMLBTEAMTOTAL-26JUN161915SFATL-SF8,2026-06-17T04:15:22.011580+00:00,,,57,35,"{""type"": ""ticker"", ""sid"": 1, ""msg"": {""market_id"": ""54f3b081-212a-4a24-ad23-1bf492100a8e"", ""market_ticker"": ""KXMLBTEAMTOTAL-26JUN161915SFATL-SF8"", ""price_dollars"": ""0.2000"", ""yes_bid_dollars"": ""0.0700"", ""yes_ask_dollars"": ""0.6400"", ""volume_fp"": ""5341.70"", ""open_interest_fp"": ""5341.70"", ""dollar_volume"": 2670, ""dollar_open_interest"": 2670, ""yes_bid_size_fp"": ""3.00"", ""yes_ask_size_fp"": ""1.00"", ""last_trade_size_fp"": ""1.00"", ""ts"": 1781669721, ""ts_ms"": 1781669721341, ""time"": ""2026-06-17T04:15:21.34174Z""}}",KXMLBTEAMTOTAL-26JUN161915SFATL,mlb,ATL,SF,,team_total,7,64,36,93,20,5341,5341,ws_ticker
3429279,KXMLBTEAMTOTAL-26JUN162140PITATH-ATH6,2026-06-17T04:15:22.011016+00:00,,,25,76,"{""type"": ""ticker"", ""sid"": 1, ""msg"": {""market_id"": ""ed360a1f-9710-4c68-a1a3-02d5df386a83"", ""market_ticker"": ""KXMLBTEAMTOTAL-26JUN162140PITATH-ATH6"", ""price_dollars"": ""0.7100"", ""yes_bid_dollars"": ""0.6400"", ""yes_ask_dollars"": ""0.8900"", ""volume_fp"": ""15858.16"", ""open_interest_fp"": ""13764.28"", ""dollar_volume"": 7929, ""dollar_open_interest"": 6882, ""yes_bid_size_fp"": ""1.00"", ""yes_ask_size_fp"": ""1.00"", ""last_trade_size_fp"": ""115.94"", ""ts"": 1781669721, ""ts_ms"": 1781669721253, ""time"": ""2026-06-17T04:15:21.25371Z""}}",KXMLBTEAMTOTAL-26JUN162140PITATH,mlb,ATH,PIT,,team_total,64,89,11,36,71,15858,13764,ws_ticker
3429278,KXMLBTEAMTOTAL-26JUN162140PITATH-ATH8,2026-06-17T04:15:22.010384+00:00,,,60,37,"{""type"": ""ticker"", ""sid"": 1, ""msg"": {""market_id"": ""b44f60d5-dd63-43f9-b361-9aadd408d66f"", ""market_ticker"": ""KXMLBTEAMTOTAL-26JUN162140PITATH-ATH8"", ""price_dollars"": ""0.0700"", ""yes_bid_dollars"": ""0.0700"", ""yes_ask_dollars"": ""0.6700"", ""volume_fp"": ""4173.00"", ""open_interest_fp"": ""3067.30"", ""dollar_volume"": 2086, ""dollar_open_interest"": 1533, ""yes_bid_size_fp"": ""914.36"", ""yes_ask_size_fp"": ""1450.00"", ""last_trade_size_fp"": ""535.64"", ""ts"": 1781669720, ""ts_ms"": 1781669720752, ""time"": ""2026-06-17T04:15:20.752659Z""}}",KXMLBTEAMTOTAL-26JUN162140PITATH,mlb,ATH,PIT,,team_total,7,67,33,93,7,4173,3067,ws_ticker
3429277,KXMLBTEAMTOTAL-26JUN162140PITATH-PIT7,2026-06-17T04:15:22.009604+00:00,,,31,37,"{""type"": ""ticker"", ""sid"": 1, ""msg"": {""market_id"": ""e18aec3f-027a-4ae6-93ef-a451f4d6ed8b"", ""market_ticker"": ""KXMLBTEAMTOTAL-26JUN162140PITATH-PIT7"", ""price_dollars"": ""0.6100"", ""yes_bid_dollars"": ""0.2200"", ""yes_ask_dollars"": ""0.5300"", ""volume_fp"": ""2224.22"", ""open_interest_fp"": ""2175.06"", ""dollar_volume"": 1112, ""dollar_open_interest"": 1087, ""yes_bid_size_fp"": ""1450.00"", ""yes_ask_size_fp"": ""1450.00"", ""last_trade_size_fp"": ""21.34"", ""ts"": 1781669720, ""ts_ms"": 1781669720737, ""time"": ""2026-06-17T04:15:20.737303Z""}}",KXMLBTEAMTOTAL-26JUN162140PITATH,mlb,ATH,PIT,,team_total,22,53,47,78,61,2224,2175,ws_ticker
3429164,KXMLBTEAMTOTAL-26JUN161915SFATL-SF8,2026-06-17T04:15:21.010680+00:00,,,57,35,"{""type"": ""ticker"", ""sid"": 1, ""msg"": {""market_id"": ""54f3b081-212a-4a24-ad23-1bf492100a8e"", ""market_ticker"": ""KXMLBTEAMTOTAL-26JUN161915SFATL-SF8"", ""price_dollars"": ""0.2000"", ""yes_bid_dollars"": ""0.0700"", ""yes_ask_dollars"": ""0.6400"", ""volume_fp"": ""5341.70"", ""open_interest_fp"": ""5341.70"", ""dollar_volume"": 2670, ""dollar_open_interest"": 2670, ""yes_bid_size_fp"": ""1.00"", ""yes_ask_size_fp"": ""1.00"", ""last_trade_size_fp"": ""1.00"", ""ts"": 1781669720, ""ts_ms"": 1781669720098, ""time"": ""2026-06-17T04:15:20.098603Z""}}",KXMLBTEAMTOTAL-26JUN161915SFATL,mlb,ATL,SF,,team_total,7,64,36,93,20,5341,5341,ws_ticker
3429163,KXMLBTEAMTOTAL-26JUN162140PITATH-ATH6,2026-06-17T04:15:21.010051+00:00,,,20,73,"{""type"": ""ticker"", ""sid"": 1, ""msg"": {""market_id"": ""ed360a1f-9710-4c68-a1a3-02d5df386a83"", ""market_ticker"": ""KXMLBTEAMTOTAL-26JUN162140PITATH-ATH6"", ""price_dollars"": ""0.7100"", ""yes_bid_dollars"": ""0.6300"", ""yes_ask_dollars"": ""0.8300"", ""volume_fp"": ""15858.16"", ""open_interest_fp"": ""13764.28"", ""dollar_volume"": 7929, ""dollar_open_interest"": 6882, ""yes_bid_size_fp"": ""3.00"", ""yes_ask_size_fp"": ""1.00"", ""last_trade_size_fp"": ""115.94"", ""ts"": 1781669719, ""ts_ms"": 1781669719994, ""time"": ""2026-06-17T04:15:19.994795Z""}}",KXMLBTEAMTOTAL-26JUN162140PITATH,mlb,ATH,PIT,,team_total,63,83,17,37,71,15858,13764,ws_ticker
3429162,KXMLBTEAMTOTAL-26JUN162140PITATH-PIT7,2026-06-17T04:15:21.009253+00:00,,,35,37,"{""type"": ""ticker"", ""sid"": 1, ""msg"": {""market_id"": ""e18aec3f-027a-4ae6-93ef-a451f4d6ed8b"", ""market_ticker"": ""KXMLBTEAMTOTAL-26JUN162140PITATH-PIT7"", ""price_dollars"": ""0.6100"", ""yes_bid_dollars"": ""0.2000"", ""yes_ask_dollars"": ""0.5500"", ""volume_fp"": ""2224.22"", ""open_interest_fp"": ""2175.06"", ""dollar_volume"": 1112, ""dollar_open_interest"": 1087, ""yes_bid_size_fp"": ""1450.00"", ""yes_ask_size_fp"": ""1450.00"", ""last_trade_size_fp"": ""21.34"", ""ts"": 1781669719, ""ts_ms"": 1781669719865, ""time"": ""2026-06-17T04:15:19.865441Z""}}",KXMLBTEAMTOTAL-26JUN162140PITATH,mlb,ATH,PIT,,team_total,20,55,45,80,61,2224,2175,ws_ticker
3428499,KXMLBTEAMTOTAL-26JUN162140PITATH-PIT8,2026-06-17T04:15:20.010890+00:00,,,43,28,"{""type"": ""ticker"", ""sid"": 1, ""msg"": {""market_id"": ""1d254009-c1a6-4e0b-97af-854fc91d41b2"", ""market_ticker"": ""KXMLBTEAMTOTAL-26JUN162140PITATH-PIT8"", ""price_dollars"": ""0.4500"", ""yes_bid_dollars"": ""0.0700"", ""yes_ask_dollars"": ""0.5000"", ""volume_fp"": ""1298.02"", ""open_interest_fp"": ""1296.72"", ""dollar_volume"": 649, ""dollar_open_interest"": 648, ""yes_bid_size_fp"": ""1.00"", ""yes_ask_size_fp"": ""1450.00"", ""last_trade_size_fp"": ""0.34"", ""ts"": 1781669719, ""ts_ms"": 1781669719456, ""time"": ""2026-06-17T04:15:19.456437Z""}}",KXMLBTEAMTOTAL-26JUN162140PITATH,mlb,ATH,PIT,,team_total,7,50,50,93,45,1298,1296,ws_ticker
3428498,KXMLBTEAMTOTAL-26JUN161915SFATL-SF8,2026-06-17T04:15:20.010101+00:00,,,57,35,"{""type"": ""ticker"", ""sid"": 1, ""msg"": {""market_id"": ""54f3b081-212a-4a24-ad23-1bf492100a8e"", ""market_ticker"": ""KXMLBTEAMTOTAL-26JUN161915SFATL-SF8"", ""price_dollars"": ""0.2000"", ""yes_bid_dollars"": ""0.0700"", ""yes_ask_dollars"": ""0.6400"", ""volume_fp"": ""5341.70"", ""open_interest_fp"": ""5341.70"", ""dollar_volume"": 2670, ""dollar_open_interest"": 2670, ""yes_bid_size_fp"": ""3.00"", ""yes_ask_size_fp"": ""1.00"", ""last_trade_size_fp"": ""1.00"", ""ts"": 1781669719, ""ts_ms"": 1781669719185, ""time"": ""2026-06-17T04:15:19.185114Z""}}",KXMLBTEAMTOTAL-26JUN161915SFATL,mlb,ATL,SF,,team_total,7,64,36,93,20,5341,5341,ws_ticker
3427997,KXMLBTEAMTOTAL-26JUN162140PITATH-PIT8,2026-06-17T04:15:19.011493+00:00,,,47,30,"{""type"": ""ticker"", ""sid"": 1, ""msg"": {""market_id"": ""1d254009-c1a6-4e0b-97af-854fc91d41b2"", ""market_ticker"": ""KXMLBTEAMTOTAL-26JUN162140PITATH-PIT8"", ""price_dollars"": ""0.4500"", ""yes_bid_dollars"": ""0.0700"", ""yes_ask_dollars"": ""0.5400"", ""volume_fp"": ""1298.02"", ""open_interest_fp"": ""1296.72"", ""dollar_volume"": 649, ""dollar_open_interest"": 648, ""yes_bid_size_fp"": ""1.00"", ""yes_ask_size_fp"": ""1450.00"", ""last_trade_size_fp"": ""0.34"", ""ts"": 1781669718, ""ts_ms"": 1781669718524, ""time"": ""2026-06-17T04:15:18.524029Z""}}",KXMLBTEAMTOTAL-26JUN162140PITATH,mlb,ATH,PIT,,team_total,7,54,46,93,45,1298,1296,ws_ticker
3427996,KXMLBTEAMTOTAL-26JUN161915SFATL-SF8,2026-06-17T04:15:19.010853+00:00,,,57,35,"{""type"": ""ticker"", ""sid"": 1, ""msg"": {""market_id"": ""54f3b081-212a-4a24-ad23-1bf492100a8e"", ""market_ticker"": ""KXMLBTEAMTOTAL-26JUN161915SFATL-SF8"", ""price_dollars"": ""0.2000"", ""yes_bid_dollars"": ""0.0700"", ""yes_ask_dollars"": ""0.6400"", ""volume_fp"": ""5341.70"", ""open_interest_fp"": ""5341.70"", ""dollar_volume"": 2670, ""dollar_open_interest"": 2670, ""yes_bid_size_fp"": ""1.00"", ""yes_ask_size_fp"": ""1.00"", ""last_trade_size_fp"": ""1.00"", ""ts"": 1781669718, ""ts_ms"": 1781669718246, ""time"": ""2026-06-17T04:15:18.246144Z""}}",KXMLBTEAMTOTAL-26JUN161915SFATL,mlb,ATL,SF,,team_total,7,64,36,93,20,5341,5341,ws_ticker
3427995,KXMLBTEAMTOTAL-26JUN162140PITATH-PIT7,2026-06-17T04:15:19.010207+00:00,,,30,42,"{""type"": ""ticker"", ""sid"": 1, ""msg"": {""market_id"": ""e18aec3f-027a-4ae6-93ef-a451f4d6ed8b"", ""market_ticker"": ""KXMLBTEAMTOTAL-26JUN162140PITATH-PIT7"", ""price_dollars"": ""0.6100"", ""yes_bid_dollars"": ""0.2700"", ""yes_ask_dollars"": ""0.5700"", ""volume_fp"": ""2224.22"", ""open_interest_fp"": ""2175.06"", ""dollar_volume"": 1112, ""dollar_open_interest"": 1087, ""yes_bid_size_fp"": ""7.00"", ""yes_ask_size_fp"": ""1450.00"", ""last_trade_size_fp"": ""21.34"", ""ts"": 1781669717, ""ts_ms"": 1781669717921, ""time"": ""2026-06-17T04:15:17.921209Z""}}",KXMLBTEAMTOTAL-26JUN162140PITATH,mlb,ATH,PIT,,team_total,27,57,43,73,61,2224,2175,ws_ticker
3427994,KXMLBTEAMTOTAL-26JUN162140PITATH-ATH8,2026-06-17T04:15:19.009588+00:00,,,62,38,"{""type"": ""ticker"", ""sid"": 1, ""msg"": {""market_id"": ""b44f60d5-dd63-43f9-b361-9aadd408d66f"", ""market_ticker"": ""KXMLBTEAMTOTAL-26JUN162140PITATH-ATH8"", ""price_dollars"": ""0.0700"", ""yes_bid_dollars"": ""0.0700"", ""yes_ask_dollars"": ""0.6900"", ""volume_fp"": ""4173.00"", ""open_interest_fp"": ""3067.30"", ""dollar_volume"": 2086, ""dollar_open_interest"": 1533, ""yes_bid_size_fp"": ""914.36"", ""yes_ask_size_fp"": ""1450.00"", ""last_trade_size_fp"": ""535.64"", ""ts"": 1781669717, ""ts_ms"": 1781669717921, ""time"": ""2026-06-17T04:15:17.921016Z""}}",KXMLBTEAMTOTAL-26JUN162140PITATH,mlb,ATH,PIT,,team_total,7,69,31,93,7,4173,3067,ws_ticker
3427403,KXMLBTEAMTOTAL-26JUN161915SFATL-SF8,2026-06-17T04:15:18.076877+00:00,,,57,35,"{""type"": ""ticker"", ""sid"": 1, ""msg"": {""market_id"": ""54f3b081-212a-4a24-ad23-1bf492100a8e"", ""market_ticker"": ""KXMLBTEAMTOTAL-26JUN161915SFATL-SF8"", ""price_dollars"": ""0.2000"", ""yes_bid_dollars"": ""0.0700"", ""yes_ask_dollars"": ""0.6400"", ""volume_fp"": ""5341.70"", ""open_interest_fp"": ""5341.70"", ""dollar_volume"": 2670, ""dollar_open_interest"": 2670, ""yes_bid_size_fp"": ""3.00"", ""yes_ask_size_fp"": ""1.00"", ""last_trade_size_fp"": ""1.00"", ""ts"": 1781669717, ""ts_ms"": 1781669717046, ""time"": ""2026-06-17T04:15:17.046821Z""}}",KXMLBTEAMTOTAL-26JUN161915SFATL,mlb,ATL,SF,,team_total,7,64,36,93,20,5341,5341,ws_ticker
3427402,KXMLBTEAMTOTAL-26JUN162140PITATH-PIT8,2026-06-17T04:15:18.076310+00:00,,,49,31,"{""type"": ""ticker"", ""sid"": 1, ""msg"": {""market_id"": ""1d254009-c1a6-4e0b-97af-854fc91d41b2"", ""market_ticker"": ""KXMLBTEAMTOTAL-26JUN162140PITATH-PIT8"", ""price_dollars"": ""0.4500"", ""yes_bid_dollars"": ""0.0700"", ""yes_ask_dollars"": ""0.5600"", ""volume_fp"": ""1298.02"", ""open_interest_fp"": ""1296.72"", ""dollar_volume"": 649, ""dollar_open_interest"": 648, ""yes_bid_size_fp"": ""1.00"", ""yes_ask_size_fp"": ""1450.00"", ""last_trade_size_fp"": ""0.34"", ""ts"": 1781669716, ""ts_ms"": 1781669716955, ""time"": ""2026-06-17T04:15:16.955404Z""}}",KXMLBTEAMTOTAL-26JUN162140PITATH,mlb,ATH,PIT,,team_total,7,56,44,93,45,1298,1296,ws_ticker
3427317,KXMLBTEAMTOTAL-26JUN162140PITATH-PIT8,2026-06-17T04:15:17.035260+00:00,,,45,33,"{""type"": ""ticker"", ""sid"": 1, ""msg"": {""market_id"": ""1d254009-c1a6-4e0b-97af-854fc91d41b2"", ""market_ticker"": ""KXMLBTEAMTOTAL-26JUN162140PITATH-PIT8"", ""price_dollars"": ""0.4500"", ""yes_bid_dollars"": ""0.1100"", ""yes_ask_dollars"": ""0.5600"", ""volume_fp"": ""1298.02"", ""open_interest_fp"": ""1296.72"", ""dollar_volume"": 649, ""dollar_open_interest"": 648, ""yes_bid_size_fp"": ""1450.00"", ""yes_ask_size_fp"": ""1450.00"", ""last_trade_size_fp"": ""0.34"", ""ts"": 1781669716, ""ts_ms"": 1781669716485, ""time"": ""2026-06-17T04:15:16.485829Z""}}",KXMLBTEAMTOTAL-26JUN162140PITATH,mlb,ATH,PIT,,team_total,11,56,44,89,45,1298,1296,ws_ticker
3427316,KXMLBTEAMTOTAL-26JUN161915SFATL-SF8,2026-06-17T04:15:17.034634+00:00,,,57,35,"{""type"": ""ticker"", ""sid"": 1, ""msg"": {""market_id"": ""54f3b081-212a-4a24-ad23-1bf492100a8e"", ""market_ticker"": ""KXMLBTEAMTOTAL-26JUN161915SFATL-SF8"", ""price_dollars"": ""0.2000"", ""yes_bid_dollars"": ""0.0700"", ""yes_ask_dollars"": ""0.6400"", ""volume_fp"": ""5341.70"", ""open_interest_fp"": ""5341.70"", ""dollar_volume"": 2670, ""dollar_open_interest"": 2670, ""yes_bid_size_fp"": ""1.00"", ""yes_ask_size_fp"": ""3.00"", ""last_trade_size_fp"": ""1.00"", ""ts"": 1781669716, ""ts_ms"": 1781669716115, ""time"": ""2026-06-17T04:15:16.115345Z""}}",KXMLBTEAMTOTAL-26JUN161915SFATL,mlb,ATL,SF,,team_total,7,64,36,93,20,5341,5341,ws_ticker
3427189,KXMLBTEAMTOTAL-26JUN162140PITATH-PIT8,2026-06-17T04:15:16.010811+00:00,,,53,33,"{""type"": ""ticker"", ""sid"": 1, ""msg"": {""market_id"": ""1d254009-c1a6-4e0b-97af-854fc91d41b2"", ""market_ticker"": ""KXMLBTEAMTOTAL-26JUN162140PITATH-PIT8"", ""price_dollars"": ""0.4500"", ""yes_bid_dollars"": ""0.0700"", ""yes_ask_dollars"": ""0.6000"", ""volume_fp"": ""1298.02"", ""open_interest_fp"": ""1296.72"", ""dollar_volume"": 649, ""dollar_open_interest"": 648, ""yes_bid_size_fp"": ""1451.00"", ""yes_ask_size_fp"": ""1450.00"", ""last_trade_size_fp"": ""0.34"", ""ts"": 1781669715, ""ts_ms"": 1781669715576, ""time"": ""2026-06-17T04:15:15.576754Z""}}",KXMLBTEAMTOTAL-26JUN162140PITATH,mlb,ATH,PIT,,team_total,7,60,40,93,45,1298,1296,ws_ticker
3427188,KXMLBTEAMTOTAL-26JUN161915SFATL-SF8,2026-06-17T04:15:16.010073+00:00,,,57,35,"{""type"": ""ticker"", ""sid"": 1, ""msg"": {""market_id"": ""54f3b081-212a-4a24-ad23-1bf492100a8e"", ""market_ticker"": ""KXMLBTEAMTOTAL-26JUN161915SFATL-SF8"", ""price_dollars"": ""0.2000"", ""yes_bid_dollars"": ""0.0700"", ""yes_ask_dollars"": ""0.6400"", ""volume_fp"": ""5341.70"", ""open_interest_fp"": ""5341.70"", ""dollar_volume"": 2670, ""dollar_open_interest"": 2670, ""yes_bid_size_fp"": ""3.00"", ""yes_ask_size_fp"": ""1.00"", ""last_trade_size_fp"": ""1.00"", ""ts"": 1781669715, ""ts_ms"": 1781669715159, ""time"": ""2026-06-17T04:15:15.159704Z""}}",KXMLBTEAMTOTAL-26JUN161915SFATL,mlb,ATL,SF,,team_total,7,64,36,93,20,5341,5341,ws_ticker
3426687,KXMLBTEAMTOTAL-26JUN162140PITATH-PIT8,2026-06-17T04:15:15.011573+00:00,,,50,37,"{""type"": ""ticker"", ""sid"": 1, ""msg"": {""market_id"": ""1d254009-c1a6-4e0b-97af-854fc91d41b2"", ""market_ticker"": ""KXMLBTEAMTOTAL-26JUN162140PITATH-PIT8"", ""price_dollars"": ""0.4500"", ""yes_bid_dollars"": ""0.1200"", ""yes_ask_dollars"": ""0.6200"", ""volume_fp"": ""1298.02"", ""open_interest_fp"": ""1296.72"", ""dollar_volume"": 649, ""dollar_open_interest"": 648, ""yes_bid_size_fp"": ""304.00"", ""yes_ask_size_fp"": ""1450.00"", ""last_trade_size_fp"": ""0.34"", ""ts"": 1781669714, ""ts_ms"": 1781669714577, ""time"": ""2026-06-17T04:15:14.577862Z""}}",KXMLBTEAMTOTAL-26JUN162140PITATH,mlb,ATH,PIT,,team_total,12,62,38,88,45,1298,1296,ws_ticker
3426686,KXMLBTEAMTOTAL-26JUN162140PITATH-ATH8,2026-06-17T04:15:15.011054+00:00,,,64,39,"{""type"": ""ticker"", ""sid"": 1, ""msg"": {""market_id"": ""b44f60d5-dd63-43f9-b361-9aadd408d66f"", ""market_ticker"": ""KXMLBTEAMTOTAL-26JUN162140PITATH-ATH8"", ""price_dollars"": ""0.0700"", ""yes_bid_dollars"": ""0.0700"", ""yes_ask_dollars"": ""0.7100"", ""volume_fp"": ""4173.00"", ""open_interest_fp"": ""3067.30"", ""dollar_volume"": 2086, ""dollar_open_interest"": 1533, ""yes_bid_size_fp"": ""914.36"", ""yes_ask_size_fp"": ""1450.00"", ""last_trade_size_fp"": ""535.64"", ""ts"": 1781669714, ""ts_ms"": 1781669714269, ""time"": ""2026-06-17T04:15:14.269221Z""}}",KXMLBTEAMTOTAL-26JUN162140PITATH,mlb,ATH,PIT,,team_total,7,71,29,93,7,4173,3067,ws_ticker
3426685,KXMLBTEAMTOTAL-26JUN162140PITATH-PIT7,2026-06-17T04:15:15.010499+00:00,,,32,43,"{""type"": ""ticker"", ""sid"": 1, ""msg"": {""market_id"": ""e18aec3f-027a-4ae6-93ef-a451f4d6ed8b"", ""market_ticker"": ""KXMLBTEAMTOTAL-26JUN162140PITATH-PIT7"", ""price_dollars"": ""0.6100"", ""yes_bid_dollars"": ""0.2700"", ""yes_ask_dollars"": ""0.5900"", ""volume_fp"": ""2224.22"", ""open_interest_fp"": ""2175.06"", ""dollar_volume"": 1112, ""dollar_open_interest"": 1087, ""yes_bid_size_fp"": ""7.00"", ""yes_ask_size_fp"": ""1450.00"", ""last_trade_size_fp"": ""21.34"", ""ts"": 1781669714, ""ts_ms"": 1781669714227, ""time"": ""2026-06-17T04:15:14.227633Z""}}",KXMLBTEAMTOTAL-26JUN162140PITATH,mlb,ATH,PIT,,team_total,27,59,41,73,61,2224,2175,ws_ticker
3426684,KXMLBTEAMTOTAL-26JUN161915SFATL-SF8,2026-06-17T04:15:15.009889+00:00,,,57,35,"{""type"": ""ticker"", ""sid"": 1, ""msg"": {""market_id"": ""54f3b081-212a-4a24-ad23-1bf492100a8e"", ""market_ticker"": ""KXMLBTEAMTOTAL-26JUN161915SFATL-SF8"", ""price_dollars"": ""0.2000"", ""yes_bid_dollars"": ""0.0700"", ""yes_ask_dollars"": ""0.6400"", ""volume_fp"": ""5341.70"", ""open_interest_fp"": ""5341.70"", ""dollar_volume"": 2670, ""dollar_open_interest"": 2670, ""yes_bid_size_fp"": ""1.00"", ""yes_ask_size_fp"": ""1.00"", ""last_trade_size_fp"": ""1.00"", ""ts"": 1781669714, ""ts_ms"": 1781669714045, ""time"": ""2026-06-17T04:15:14.045003Z""}}",KXMLBTEAMTOTAL-26JUN161915SFATL,mlb,ATL,SF,,team_total,7,64,36,93,20,5341,5341,ws_ticker
3426683,KXMLBTEAMTOTAL-26JUN161915SFATL-SF8,2026-06-17T04:15:14.009761+00:00,,,57,35,"{""type"": ""ticker"", ""sid"": 1, ""msg"": {""market_id"": ""54f3b081-212a-4a24-ad23-1bf492100a8e"", ""market_ticker"": ""KXMLBTEAMTOTAL-26JUN161915SFATL-SF8"", ""price_dollars"": ""0.2000"", ""yes_bid_dollars"": ""0.0700"", ""yes_ask_dollars"": ""0.6400"", ""volume_fp"": ""5341.70"", ""open_interest_fp"": ""5341.70"", ""dollar_volume"": 2670, ""dollar_open_interest"": 2670, ""yes_bid_size_fp"": ""3.00"", ""yes_ask_size_fp"": ""1.00"", ""last_trade_size_fp"": ""1.00"", ""ts"": 1781669712, ""ts_ms"": 1781669712999, ""time"": ""2026-06-17T04:15:12.999063Z""}}",KXMLBTEAMTOTAL-26JUN161915SFATL,mlb,ATL,SF,,team_total,7,64,36,93,20,5341,5341,ws_ticker
3426682,KXMLBTEAMTOTAL-26JUN161915SFATL-SF8,2026-06-17T04:15:13.009522+00:00,,,57,35,"{""type"": ""ticker"", ""sid"": 1, ""msg"": {""market_id"": ""54f3b081-212a-4a24-ad23-1bf492100a8e"", ""market_ticker"": ""KXMLBTEAMTOTAL-26JUN161915SFATL-SF8"", ""price_dollars"": ""0.2000"", ""yes_bid_dollars"": ""0.0700"", ""yes_ask_dollars"": ""0.6400"", ""volume_fp"": ""5341.70"", ""open_interest_fp"": ""5341.70"", ""dollar_volume"": 2670, ""dollar_open_interest"": 2670, ""yes_bid_size_fp"": ""1.00"", ""yes_ask_size_fp"": ""1.00"", ""last_trade_size_fp"": ""1.00"", ""ts"": 1781669712, ""ts_ms"": 1781669712083, ""time"": ""2026-06-17T04:15:12.083282Z""}}",KXMLBTEAMTOTAL-26JUN161915SFATL,mlb,ATL,SF,,team_total,7,64,36,93,20,5341,5341,ws_ticker
3426681,KXMLBTEAMTOTAL-26JUN161915SFATL-SF8,2026-06-17T04:15:12.009616+00:00,,,57,35,"{""type"": ""ticker"", ""sid"": 1, ""msg"": {""market_id"": ""54f3b081-212a-4a24-ad23-1bf492100a8e"", ""market_ticker"": ""KXMLBTEAMTOTAL-26JUN161915SFATL-SF8"", ""price_dollars"": ""0.2000"", ""yes_bid_dollars"": ""0.0700"", ""yes_ask_dollars"": ""0.6400"", ""volume_fp"": ""5341.70"", ""open_interest_fp"": ""5341.70"", ""dollar_volume"": 2670, ""dollar_open_interest"": 2670, ""yes_bid_size_fp"": ""3.00"", ""yes_ask_size_fp"": ""1.00"", ""last_trade_size_fp"": ""1.00"", ""ts"": 1781669711, ""ts_ms"": 1781669711385, ""time"": ""2026-06-17T04:15:11.385038Z""}}",KXMLBTEAMTOTAL-26JUN161915SFATL,mlb,ATL,SF,,team_total,7,64,36,93,20,5341,5341,ws_ticker
3426680,KXMLBTEAMTOTAL-26JUN161915SFATL-SF8,2026-06-17T04:15:11.010462+00:00,,,57,35,"{""type"": ""ticker"", ""sid"": 1, ""msg"": {""market_id"": ""54f3b081-212a-4a24-ad23-1bf492100a8e"", ""market_ticker"": ""KXMLBTEAMTOTAL-26JUN161915SFATL-SF8"", ""price_dollars"": ""0.2000"", ""yes_bid_dollars"": ""0.0700"", ""yes_ask_dollars"": ""0.6400"", ""volume_fp"": ""5341.70"", ""open_interest_fp"": ""5341.70"", ""dollar_volume"": 2670, ""dollar_open_interest"": 2670, ""yes_bid_size_fp"": ""1.00"", ""yes_ask_size_fp"": ""3.00"", ""last_trade_size_fp"": ""1.00"", ""ts"": 1781669710, ""ts_ms"": 1781669710257, ""time"": ""2026-06-17T04:15:10.257217Z""}}",KXMLBTEAMTOTAL-26JUN161915SFATL,mlb,ATL,SF,,team_total,7,64,36,93,20,5341,5341,ws_ticker
3426679,KXMLBTEAMTOTAL-26JUN162140PITATH-ATH8,2026-06-17T04:15:10.009803+00:00,,,66,40,"{""type"": ""ticker"", ""sid"": 1, ""msg"": {""market_id"": ""b44f60d5-dd63-43f9-b361-9aadd408d66f"", ""market_ticker"": ""KXMLBTEAMTOTAL-26JUN162140PITATH-ATH8"", ""price_dollars"": ""0.0700"", ""yes_bid_dollars"": ""0.0700"", ""yes_ask_dollars"": ""0.7300"", ""volume_fp"": ""4173.00"", ""open_interest_fp"": ""3067.30"", ""dollar_volume"": 2086, ""dollar_open_interest"": 1533, ""yes_bid_size_fp"": ""914.36"", ""yes_ask_size_fp"": ""1450.00"", ""last_trade_size_fp"": ""535.64"", ""ts"": 1781669709, ""ts_ms"": 1781669709342, ""time"": ""2026-06-17T04:15:09.342706Z""}}",KXMLBTEAMTOTAL-26JUN162140PITATH,mlb,ATH,PIT,,team_total,7,73,27,93,7,4173,3067,ws_ticker
3426678,KXMLBTEAMTOTAL-26JUN161915SFATL-SF8,2026-06-17T04:15:10.009174+00:00,,,57,35,"{""type"": ""ticker"", ""sid"": 1, ""msg"": {""market_id"": ""54f3b081-212a-4a24-ad23-1bf492100a8e"", ""market_ticker"": ""KXMLBTEAMTOTAL-26JUN161915SFATL-SF8"", ""price_dollars"": ""0.2000"", ""yes_bid_dollars"": ""0.0700"", ""yes_ask_dollars"": ""0.6400"", ""volume_fp"": ""5341.70"", ""open_interest_fp"": ""5341.70"", ""dollar_volume"": 2670, ""dollar_open_interest"": 2670, ""yes_bid_size_fp"": ""3.00"", ""yes_ask_size_fp"": ""1.00"", ""last_trade_size_fp"": ""1.00"", ""ts"": 1781669709, ""ts_ms"": 1781669709218, ""time"": ""2026-06-17T04:15:09.2182Z""}}",KXMLBTEAMTOTAL-26JUN161915SFATL,mlb,ATL,SF,,team_total,7,64,36,93,20,5341,5341,ws_ticker
3426677,KXMLBTEAMTOTAL-26JUN161915SFATL-SF8,2026-06-17T04:15:09.010674+00:00,,,57,35,"{""type"": ""ticker"", ""sid"": 1, ""msg"": {""market_id"": ""54f3b081-212a-4a24-ad23-1bf492100a8e"", ""market_ticker"": ""KXMLBTEAMTOTAL-26JUN161915SFATL-SF8"", ""price_dollars"": ""0.2000"", ""yes_bid_dollars"": ""0.0700"", ""yes_ask_dollars"": ""0.6400"", ""volume_fp"": ""5341.70"", ""open_interest_fp"": ""5341.70"", ""dollar_volume"": 2670, ""dollar_open_interest"": 2670, ""yes_bid_size_fp"": ""1.00"", ""yes_ask_size_fp"": ""1.00"", ""last_trade_size_fp"": ""1.00"", ""ts"": 1781669708, ""ts_ms"": 1781669708151, ""time"": ""2026-06-17T04:15:08.151301Z""}}",KXMLBTEAMTOTAL-26JUN161915SFATL,mlb,ATL,SF,,team_total,7,64,36,93,20,5341,5341,ws_ticker
3426676,KXMLBTEAMTOTAL-26JUN162140PITATH-ATH6,2026-06-17T04:15:09.010030+00:00,,,21,72,"{""type"": ""ticker"", ""sid"": 1, ""msg"": {""market_id"": ""ed360a1f-9710-4c68-a1a3-02d5df386a83"", ""market_ticker"": ""KXMLBTEAMTOTAL-26JUN162140PITATH-ATH6"", ""price_dollars"": ""0.7100"", ""yes_bid_dollars"": ""0.6200"", ""yes_ask_dollars"": ""0.8300"", ""volume_fp"": ""15858.16"", ""open_interest_fp"": ""13764.28"", ""dollar_volume"": 7929, ""dollar_open_interest"": 6882, ""yes_bid_size_fp"": ""1.00"", ""yes_ask_size_fp"": ""1.00"", ""last_trade_size_fp"": ""115.94"", ""ts"": 1781669708, ""ts_ms"": 1781669708061, ""time"": ""2026-06-17T04:15:08.061692Z""}}",KXMLBTEAMTOTAL-26JUN162140PITATH,mlb,ATH,PIT,,team_total,62,83,17,38,71,15858,13764,ws_ticker
3426675,KXMLBTEAMTOTAL-26JUN162140PITATH-ATH6,2026-06-17T04:15:08.010328+00:00,,,24,73,"{""type"": ""ticker"", ""sid"": 1, ""msg"": {""market_id"": ""ed360a1f-9710-4c68-a1a3-02d5df386a83"", ""market_ticker"": ""KXMLBTEAMTOTAL-26JUN162140PITATH-ATH6"", ""price_dollars"": ""0.7100"", ""yes_bid_dollars"": ""0.6100"", ""yes_ask_dollars"": ""0.8500"", ""volume_fp"": ""15858.16"", ""open_interest_fp"": ""13764.28"", ""dollar_volume"": 7929, ""dollar_open_interest"": 6882, ""yes_bid_size_fp"": ""3.00"", ""yes_ask_size_fp"": ""1.00"", ""last_trade_size_fp"": ""115.94"", ""ts"": 1781669707, ""ts_ms"": 1781669707564, ""time"": ""2026-06-17T04:15:07.564673Z""}}",KXMLBTEAMTOTAL-26JUN162140PITATH,mlb,ATH,PIT,,team_total,61,85,15,39,71,15858,13764,ws_ticker
3426674,KXMLBTEAMTOTAL-26JUN161915SFATL-SF8,2026-06-17T04:15:08.009718+00:00,,,57,35,"{""type"": ""ticker"", ""sid"": 1, ""msg"": {""market_id"": ""54f3b081-212a-4a24-ad23-1bf492100a8e"", ""market_ticker"": ""KXMLBTEAMTOTAL-26JUN161915SFATL-SF8"", ""price_dollars"": ""0.2000"", ""yes_bid_dollars"": ""0.0700"", ""yes_ask_dollars"": ""0.6400"", ""volume_fp"": ""5341.70"", ""open_interest_fp"": ""5341.70"", ""dollar_volume"": 2670, ""dollar_open_interest"": 2670, ""yes_bid_size_fp"": ""3.00"", ""yes_ask_size_fp"": ""1.00"", ""last_trade_size_fp"": ""1.00"", ""ts"": 1781669707, ""ts_ms"": 1781669707332, ""time"": ""2026-06-17T04:15:07.332388Z""}}",KXMLBTEAMTOTAL-26JUN161915SFATL,mlb,ATL,SF,,team_total,7,64,36,93,20,5341,5341,ws_ticker
3426673,KXMLBTEAMTOTAL-26JUN162140PITATH-PIT6,2026-06-17T04:15:08.009173+00:00,,,49,64,"{""type"": ""ticker"", ""sid"": 1, ""msg"": {""market_id"": ""255c197b-e90f-4c6c-8149-a50559a8fe80"", ""market_ticker"": ""KXMLBTEAMTOTAL-26JUN162140PITATH-PIT6"", ""price_dollars"": ""0.7700"", ""yes_bid_dollars"": ""0.4000"", ""yes_ask_dollars"": ""0.8900"", ""volume_fp"": ""5897.62"", ""open_interest_fp"": ""4677.22"", ""dollar_volume"": 2948, ""dollar_open_interest"": 2338, ""yes_bid_size_fp"": ""5.00"", ""yes_ask_size_fp"": ""50.00"", ""last_trade_size_fp"": ""1.20"", ""ts"": 1781669707, ""ts_ms"": 1781669707066, ""time"": ""2026-06-17T04:15:07.066682Z""}}",KXMLBTEAMTOTAL-26JUN162140PITATH,mlb,ATH,PIT,,team_total,40,89,11,60,77,5897,4677,ws_ticker
3426672,KXMLBTEAMTOTAL-26JUN161915SFATL-SF8,2026-06-17T04:15:07.009620+00:00,,,57,35,"{""type"": ""ticker"", ""sid"": 1, ""msg"": {""market_id"": ""54f3b081-212a-4a24-ad23-1bf492100a8e"", ""market_ticker"": ""KXMLBTEAMTOTAL-26JUN161915SFATL-SF8"", ""price_dollars"": ""0.2000"", ""yes_bid_dollars"": ""0.0700"", ""yes_ask_dollars"": ""0.6400"", ""volume_fp"": ""5341.70"", ""open_interest_fp"": ""5341.70"", ""dollar_volume"": 2670, ""dollar_open_interest"": 2670, ""yes_bid_size_fp"": ""1.00"", ""yes_ask_size_fp"": ""1.00"", ""last_trade_size_fp"": ""1.00"", ""ts"": 1781669706, ""ts_ms"": 1781669706493, ""time"": ""2026-06-17T04:15:06.493653Z""}}",KXMLBTEAMTOTAL-26JUN161915SFATL,mlb,ATL,SF,,team_total,7,64,36,93,20,5341,5341,ws_ticker
3426671,KXMLBTEAMTOTAL-26JUN161915SFATL-SF8,2026-06-17T04:15:06.009658+00:00,,,57,35,"{""type"": ""ticker"", ""sid"": 1, ""msg"": {""market_id"": ""54f3b081-212a-4a24-ad23-1bf492100a8e"", ""market_ticker"": ""KXMLBTEAMTOTAL-26JUN161915SFATL-SF8"", ""price_dollars"": ""0.2000"", ""yes_bid_dollars"": ""0.0700"", ""yes_ask_dollars"": ""0.6400"", ""volume_fp"": ""5341.70"", ""open_interest_fp"": ""5341.70"", ""dollar_volume"": 2670, ""dollar_open_interest"": 2670, ""yes_bid_size_fp"": ""3.00"", ""yes_ask_size_fp"": ""1.00"", ""last_trade_size_fp"": ""1.00"", ""ts"": 1781669705, ""ts_ms"": 1781669705022, ""time"": ""2026-06-17T04:15:05.02226Z""}}",KXMLBTEAMTOTAL-26JUN161915SFATL,mlb,ATL,SF,,team_total,7,64,36,93,20,5341,5341,ws_ticker
3426670,KXMLBTEAMTOTAL-26JUN161915SFATL-SF8,2026-06-17T04:15:05.011056+00:00,,,57,35,"{""type"": ""ticker"", ""sid"": 1, ""msg"": {""market_id"": ""54f3b081-212a-4a24-ad23-1bf492100a8e"", ""market_ticker"": ""KXMLBTEAMTOTAL-26JUN161915SFATL-SF8"", ""price_dollars"": ""0.2000"", ""yes_bid_dollars"": ""0.0700"", ""yes_ask_dollars"": ""0.6400"", ""volume_fp"": ""5341.70"", ""open_interest_fp"": ""5341.70"", ""dollar_volume"": 2670, ""dollar_open_interest"": 2670, ""yes_bid_size_fp"": ""1.00"", ""yes_ask_size_fp"": ""3.00"", ""last_trade_size_fp"": ""1.00"", ""ts"": 1781669704, ""ts_ms"": 1781669704382, ""time"": ""2026-06-17T04:15:04.382349Z""}}",KXMLBTEAMTOTAL-26JUN161915SFATL,mlb,ATL,SF,,team_total,7,64,36,93,20,5341,5341,ws_ticker
3426669,KXMLBTEAMTOTAL-26JUN162140PITATH-ATH7,2026-06-17T04:15:05.010426+00:00,,,57,64,"{""type"": ""ticker"", ""sid"": 1, ""msg"": {""market_id"": ""8810ac6d-5904-4eef-8cbe-0606fb20fea8"", ""market_ticker"": ""KXMLBTEAMTOTAL-26JUN162140PITATH-ATH7"", ""price_dollars"": ""0.3800"", ""yes_bid_dollars"": ""0.3600"", ""yes_ask_dollars"": ""0.9300"", ""volume_fp"": ""5335.68"", ""open_interest_fp"": ""4236.44"", ""dollar_volume"": 2667, ""dollar_open_interest"": 2118, ""yes_bid_size_fp"": ""1.00"", ""yes_ask_size_fp"": ""50.00"", ""last_trade_size_fp"": ""15.71"", ""ts"": 1781669704, ""ts_ms"": 1781669704277, ""time"": ""2026-06-17T04:15:04.2773Z""}}",KXMLBTEAMTOTAL-26JUN162140PITATH,mlb,ATH,PIT,,team_total,36,93,7,64,38,5335,4236,ws_ticker
3426668,KXMLBTEAMTOTAL-26JUN162140PITATH-PIT7,2026-06-17T04:15:05.009702+00:00,,,34,44,"{""type"": ""ticker"", ""sid"": 1, ""msg"": {""market_id"": ""e18aec3f-027a-4ae6-93ef-a451f4d6ed8b"", ""market_ticker"": ""KXMLBTEAMTOTAL-26JUN162140PITATH-PIT7"", ""price_dollars"": ""0.6100"", ""yes_bid_dollars"": ""0.2700"", ""yes_ask_dollars"": ""0.6100"", ""volume_fp"": ""2224.22"", ""open_interest_fp"": ""2175.06"", ""dollar_volume"": 1112, ""dollar_open_interest"": 1087, ""yes_bid_size_fp"": ""7.00"", ""yes_ask_size_fp"": ""1450.00"", ""last_trade_size_fp"": ""21.34"", ""ts"": 1781669703, ""ts_ms"": 1781669703773, ""time"": ""2026-06-17T04:15:03.773052Z""}}",KXMLBTEAMTOTAL-26JUN162140PITATH,mlb,ATH,PIT,,team_total,27,61,39,73,61,2224,2175,ws_ticker
3426667,KXMLBTEAMTOTAL-26JUN161915SFATL-SF8,2026-06-17T04:15:04.009420+00:00,,,57,35,"{""type"": ""ticker"", ""sid"": 1, ""msg"": {""market_id"": ""54f3b081-212a-4a24-ad23-1bf492100a8e"", ""market_ticker"": ""KXMLBTEAMTOTAL-26JUN161915SFATL-SF8"", ""price_dollars"": ""0.2000"", ""yes_bid_dollars"": ""0.0700"", ""yes_ask_dollars"": ""0.6400"", ""volume_fp"": ""5341.70"", ""open_interest_fp"": ""5341.70"", ""dollar_volume"": 2670, ""dollar_open_interest"": 2670, ""yes_bid_size_fp"": ""3.00"", ""yes_ask_size_fp"": ""1.00"", ""last_trade_size_fp"": ""1.00"", ""ts"": 1781669702, ""ts_ms"": 1781669702613, ""time"": ""2026-06-17T04:15:02.613496Z""}}",KXMLBTEAMTOTAL-26JUN161915SFATL,mlb,ATL,SF,,team_total,7,64,36,93,20,5341,5341,ws_ticker
3426666,KXMLBTEAMTOTAL-26JUN162140PITATH-PIT7,2026-06-17T04:15:03.009293+00:00,,,51,37,"{""type"": ""ticker"", ""sid"": 1, ""msg"": {""market_id"": ""e18aec3f-027a-4ae6-93ef-a451f4d6ed8b"", ""market_ticker"": ""KXMLBTEAMTOTAL-26JUN162140PITATH-PIT7"", ""price_dollars"": ""0.6100"", ""yes_bid_dollars"": ""0.1200"", ""yes_ask_dollars"": ""0.6300"", ""volume_fp"": ""2224.22"", ""open_interest_fp"": ""2175.06"", ""dollar_volume"": 1112, ""dollar_open_interest"": 1087, ""yes_bid_size_fp"": ""1450.00"", ""yes_ask_size_fp"": ""1455.00"", ""last_trade_size_fp"": ""21.34"", ""ts"": 1781669702, ""ts_ms"": 1781669702429, ""time"": ""2026-06-17T04:15:02.429999Z""}}",KXMLBTEAMTOTAL-26JUN162140PITATH,mlb,ATH,PIT,,team_total,12,63,37,88,61,2224,2175,ws_ticker
3426665,KXMLBTEAMTOTAL-26JUN162140PITATH-ATH7,2026-06-17T04:15:03.008703+00:00,,,58,65,"{""type"": ""ticker"", ""sid"": 1, ""msg"": {""market_id"": ""8810ac6d-5904-4eef-8cbe-0606fb20fea8"", ""market_ticker"": ""KXMLBTEAMTOTAL-26JUN162140PITATH-ATH7"", ""price_dollars"": ""0.3800"", ""yes_bid_dollars"": ""0.3600"", ""yes_ask_dollars"": ""0.9400"", ""volume_fp"": ""5335.68"", ""open_interest_fp"": ""4236.44"", ""dollar_volume"": 2667, ""dollar_open_interest"": 2118, ""yes_bid_size_fp"": ""1.00"", ""yes_ask_size_fp"": ""33.00"", ""last_trade_size_fp"": ""15.71"", ""ts"": 1781669702, ""ts_ms"": 1781669702268, ""time"": ""2026-06-17T04:15:02.268306Z""}}",KXMLBTEAMTOTAL-26JUN162140PITATH,mlb,ATH,PIT,,team_total,36,94,6,64,38,5335,4236,ws_ticker
3426664,KXMLBTEAMTOTAL-26JUN161915SFATL-SF8,2026-06-17T04:15:02.008663+00:00,,,57,35,"{""type"": ""ticker"", ""sid"": 1, ""msg"": {""market_id"": ""54f3b081-212a-4a24-ad23-1bf492100a8e"", ""market_ticker"": ""KXMLBTEAMTOTAL-26JUN161915SFATL-SF8"", ""price_dollars"": ""0.2000"", ""yes_bid_dollars"": ""0.0700"", ""yes_ask_dollars"": ""0.6400"", ""volume_fp"": ""5341.70"", ""open_interest_fp"": ""5341.70"", ""dollar_volume"": 2670, ""dollar_open_interest"": 2670, ""yes_bid_size_fp"": ""1.00"", ""yes_ask_size_fp"": ""1.00"", ""last_trade_size_fp"": ""1.00"", ""ts"": 1781669701, ""ts_ms"": 1781669701144, ""time"": ""2026-06-17T04:15:01.144232Z""}}",KXMLBTEAMTOTAL-26JUN161915SFATL,mlb,ATL,SF,,team_total,7,64,36,93,20,5341,5341,ws_ticker
3426663,KXMLBTEAMTOTAL-26JUN161915SFATL-SF8,2026-06-17T04:15:01.009078+00:00,,,57,35,"{""type"": ""ticker"", ""sid"": 1, ""msg"": {""market_id"": ""54f3b081-212a-4a24-ad23-1bf492100a8e"", ""market_ticker"": ""KXMLBTEAMTOTAL-26JUN161915SFATL-SF8"", ""price_dollars"": ""0.2000"", ""yes_bid_dollars"": ""0.0700"", ""yes_ask_dollars"": ""0.6400"", ""volume_fp"": ""5341.70"", ""open_interest_fp"": ""5341.70"", ""dollar_volume"": 2670, ""dollar_open_interest"": 2670, ""yes_bid_size_fp"": ""3.00"", ""yes_ask_size_fp"": ""1.00"", ""last_trade_size_fp"": ""1.00"", ""ts"": 1781669700, ""ts_ms"": 1781669700339, ""time"": ""2026-06-17T04:15:00.339656Z""}}",KXMLBTEAMTOTAL-26JUN161915SFATL,mlb,ATL,SF,,team_total,7,64,36,93,20,5341,5341,ws_ticker
3426662,KXMLBTEAMTOTAL-26JUN161915SFATL-SF8,2026-06-17T04:15:00.009333+00:00,,,57,35,"{""type"": ""ticker"", ""sid"": 1, ""msg"": {""market_id"": ""54f3b081-212a-4a24-ad23-1bf492100a8e"", ""market_ticker"": ""KXMLBTEAMTOTAL-26JUN161915SFATL-SF8"", ""price_dollars"": ""0.2000"", ""yes_bid_dollars"": ""0.0700"", ""yes_ask_dollars"": ""0.6400"", ""volume_fp"": ""5341.70"", ""open_interest_fp"": ""5341.70"", ""dollar_volume"": 2670, ""dollar_open_interest"": 2670, ""yes_bid_size_fp"": ""1.00"", ""yes_ask_size_fp"": ""1.00"", ""last_trade_size_fp"": ""1.00"", ""ts"": 1781669699, ""ts_ms"": 1781669699140, ""time"": ""2026-06-17T04:14:59.140547Z""}}",KXMLBTEAMTOTAL-26JUN161915SFATL,mlb,ATL,SF,,team_total,7,64,36,93,20,5341,5341,ws_ticker
3426661,KXMLBTEAMTOTAL-26JUN162140PITATH-ATH7,2026-06-17T04:14:59.009859+00:00,,,57,64,"{""type"": ""ticker"", ""sid"": 1, ""msg"": {""market_id"": ""8810ac6d-5904-4eef-8cbe-0606fb20fea8"", ""market_ticker"": ""KXMLBTEAMTOTAL-26JUN162140PITATH-ATH7"", ""price_dollars"": ""0.3800"", ""yes_bid_dollars"": ""0.3600"", ""yes_ask_dollars"": ""0.9300"", ""volume_fp"": ""5335.68"", ""open_interest_fp"": ""4236.44"", ""dollar_volume"": 2667, ""dollar_open_interest"": 2118, ""yes_bid_size_fp"": ""1.00"", ""yes_ask_size_fp"": ""50.00"", ""last_trade_size_fp"": ""15.71"", ""ts"": 1781669698, ""ts_ms"": 1781669698409, ""time"": ""2026-06-17T04:14:58.409203Z""}}",KXMLBTEAMTOTAL-26JUN162140PITATH,mlb,ATH,PIT,,team_total,36,93,7,64,38,5335,4236,ws_ticker
3426660,KXMLBTEAMTOTAL-26JUN161915SFATL-SF8,2026-06-17T04:14:59.009251+00:00,,,57,35,"{""type"": ""ticker"", ""sid"": 1, ""msg"": {""market_id"": ""54f3b081-212a-4a24-ad23-1bf492100a8e"", ""market_ticker"": ""KXMLBTEAMTOTAL-26JUN161915SFATL-SF8"", ""price_dollars"": ""0.2000"", ""yes_bid_dollars"": ""0.0700"", ""yes_ask_dollars"": ""0.6400"", ""volume_fp"": ""5341.70"", ""open_interest_fp"": ""5341.70"", ""dollar_volume"": 2670, ""dollar_open_interest"": 2670, ""yes_bid_size_fp"": ""3.00"", ""yes_ask_size_fp"": ""1.00"", ""last_trade_size_fp"": ""1.00"", ""ts"": 1781669698, ""ts_ms"": 1781669698029, ""time"": ""2026-06-17T04:14:58.029136Z""}}",KXMLBTEAMTOTAL-26JUN161915SFATL,mlb,ATL,SF,,team_total,7,64,36,93,20,5341,5341,ws_ticker
3426659,KXMLBTEAMTOTAL-26JUN162140PITATH-PIT8,2026-06-17T04:14:58.011911+00:00,,,57,35,"{""type"": ""ticker"", ""sid"": 1, ""msg"": {""market_id"": ""1d254009-c1a6-4e0b-97af-854fc91d41b2"", ""market_ticker"": ""KXMLBTEAMTOTAL-26JUN162140PITATH-PIT8"", ""price_dollars"": ""0.4500"", ""yes_bid_dollars"": ""0.0700"", ""yes_ask_dollars"": ""0.6400"", ""volume_fp"": ""1298.02"", ""open_interest_fp"": ""1296.72"", ""dollar_volume"": 649, ""dollar_open_interest"": 648, ""yes_bid_size_fp"": ""1.00"", ""yes_ask_size_fp"": ""1451.00"", ""last_trade_size_fp"": ""0.34"", ""ts"": 1781669697, ""ts_ms"": 1781669697526, ""time"": ""2026-06-17T04:14:57.52645Z""}}",KXMLBTEAMTOTAL-26JUN162140PITATH,mlb,ATH,PIT,,team_total,7,64,36,93,45,1298,1296,ws_ticker
3426658,KXMLBTEAMTOTAL-26JUN161915SFATL-SF8,2026-06-17T04:14:58.011351+00:00,,,57,35,"{""type"": ""ticker"", ""sid"": 1, ""msg"": {""market_id"": ""54f3b081-212a-4a24-ad23-1bf492100a8e"", ""market_ticker"": ""KXMLBTEAMTOTAL-26JUN161915SFATL-SF8"", ""price_dollars"": ""0.2000"", ""yes_bid_dollars"": ""0.0700"", ""yes_ask_dollars"": ""0.6400"", ""volume_fp"": ""5341.70"", ""open_interest_fp"": ""5341.70"", ""dollar_volume"": 2670, ""dollar_open_interest"": 2670, ""yes_bid_size_fp"": ""1.00"", ""yes_ask_size_fp"": ""3.00"", ""last_trade_size_fp"": ""1.00"", ""ts"": 1781669696, ""ts_ms"": 1781669696918, ""time"": ""2026-06-17T04:14:56.918168Z""}}",KXMLBTEAMTOTAL-26JUN161915SFATL,mlb,ATL,SF,,team_total,7,64,36,93,20,5341,5341,ws_ticker
3426657,KXMLBTEAMTOTAL-26JUN161915SFATL-SF8,2026-06-17T04:14:57.009435+00:00,,,57,35,"{""type"": ""ticker"", ""sid"": 1, ""msg"": {""market_id"": ""54f3b081-212a-4a24-ad23-1bf492100a8e"", ""market_ticker"": ""KXMLBTEAMTOTAL-26JUN161915SFATL-SF8"", ""price_dollars"": ""0.2000"", ""yes_bid_dollars"": ""0.0700"", ""yes_ask_dollars"": ""0.6400"", ""volume_fp"": ""5341.70"", ""open_interest_fp"": ""5341.70"", ""dollar_volume"": 2670, ""dollar_open_interest"": 2670, ""yes_bid_size_fp"": ""3.00"", ""yes_ask_size_fp"": ""1.00"", ""last_trade_size_fp"": ""1.00"", ""ts"": 1781669695, ""ts_ms"": 1781669695808, ""time"": ""2026-06-17T04:14:55.80819Z""}}",KXMLBTEAMTOTAL-26JUN161915SFATL,mlb,ATL,SF,,team_total,7,64,36,93,20,5341,5341,ws_ticker
3426656,KXMLBTEAMTOTAL-26JUN161915SFATL-SF8,2026-06-17T04:14:56.009592+00:00,,,57,35,"{""type"": ""ticker"", ""sid"": 1, ""msg"": {""market_id"": ""54f3b081-212a-4a24-ad23-1bf492100a8e"", ""market_ticker"": ""KXMLBTEAMTOTAL-26JUN161915SFATL-SF8"", ""price_dollars"": ""0.2000"", ""yes_bid_dollars"": ""0.0700"", ""yes_ask_dollars"": ""0.6400"", ""volume_fp"": ""5341.70"", ""open_interest_fp"": ""5341.70"", ""dollar_volume"": 2670, ""dollar_open_interest"": 2670, ""yes_bid_size_fp"": ""1.00"", ""yes_ask_size_fp"": ""1.00"", ""last_trade_size_fp"": ""1.00"", ""ts"": 1781669694, ""ts_ms"": 1781669694698, ""time"": ""2026-06-17T04:14:54.698871Z""}}",KXMLBTEAMTOTAL-26JUN161915SFATL,mlb,ATL,SF,,team_total,7,64,36,93,20,5341,5341,ws_ticker
3426655,KXMLBTEAMTOTAL-26JUN161915SFATL-SF8,2026-06-17T04:14:54.009842+00:00,,,57,35,"{""type"": ""ticker"", ""sid"": 1, ""msg"": {""market_id"": ""54f3b081-212a-4a24-ad23-1bf492100a8e"", ""market_ticker"": ""KXMLBTEAMTOTAL-26JUN161915SFATL-SF8"", ""price_dollars"": ""0.2000"", ""yes_bid_dollars"": ""0.0700"", ""yes_ask_dollars"": ""0.6400"", ""volume_fp"": ""5341.70"", ""open_interest_fp"": ""5341.70"", ""dollar_volume"": 2670, ""dollar_open_interest"": 2670, ""yes_bid_size_fp"": ""3.00"", ""yes_ask_size_fp"": ""1.00"", ""last_trade_size_fp"": ""1.00"", ""ts"": 1781669693, ""ts_ms"": 1781669693584, ""time"": ""2026-06-17T04:14:53.584644Z""}}",KXMLBTEAMTOTAL-26JUN161915SFATL,mlb,ATL,SF,,team_total,7,64,36,93,20,5341,5341,ws_ticker
3426654,KXMLBTEAMTOTAL-26JUN161915SFATL-SF8,2026-06-17T04:14:53.009094+00:00,,,57,35,"{""type"": ""ticker"", ""sid"": 1, ""msg"": {""market_id"": ""54f3b081-212a-4a24-ad23-1bf492100a8e"", ""market_ticker"": ""KXMLBTEAMTOTAL-26JUN161915SFATL-SF8"", ""price_dollars"": ""0.2000"", ""yes_bid_dollars"": ""0.0700"", ""yes_ask_dollars"": ""0.6400"", ""volume_fp"": ""5341.70"", ""open_interest_fp"": ""5341.70"", ""dollar_volume"": 2670, ""dollar_open_interest"": 2670, ""yes_bid_size_fp"": ""1.00"", ""yes_ask_size_fp"": ""1.00"", ""last_trade_size_fp"": ""1.00"", ""ts"": 1781669692, ""ts_ms"": 1781669692472, ""time"": ""2026-06-17T04:14:52.472924Z""}}",KXMLBTEAMTOTAL-26JUN161915SFATL,mlb,ATL,SF,,team_total,7,64,36,93,20,5341,5341,ws_ticker
3426653,KXMLBTEAMTOTAL-26JUN161915SFATL-SF8,2026-06-17T04:14:52.009177+00:00,,,57,35,"{""type"": ""ticker"", ""sid"": 1, ""msg"": {""market_id"": ""54f3b081-212a-4a24-ad23-1bf492100a8e"", ""market_ticker"": ""KXMLBTEAMTOTAL-26JUN161915SFATL-SF8"", ""price_dollars"": ""0.2000"", ""yes_bid_dollars"": ""0.0700"", ""yes_ask_dollars"": ""0.6400"", ""volume_fp"": ""5341.70"", ""open_interest_fp"": ""5341.70"", ""dollar_volume"": 2670, ""dollar_open_interest"": 2670, ""yes_bid_size_fp"": ""3.00"", ""yes_ask_size_fp"": ""1.00"", ""last_trade_size_fp"": ""1.00"", ""ts"": 1781669691, ""ts_ms"": 1781669691472, ""time"": ""2026-06-17T04:14:51.472712Z""}}",KXMLBTEAMTOTAL-26JUN161915SFATL,mlb,ATL,SF,,team_total,7,64,36,93,20,5341,5341,ws_ticker
3426652,KXMLBTEAMTOTAL-26JUN161915SFATL-SF8,2026-06-17T04:14:51.008180+00:00,,,57,35,"{""type"": ""ticker"", ""sid"": 1, ""msg"": {""market_id"": ""54f3b081-212a-4a24-ad23-1bf492100a8e"", ""market_ticker"": ""KXMLBTEAMTOTAL-26JUN161915SFATL-SF8"", ""price_dollars"": ""0.2000"", ""yes_bid_dollars"": ""0.0700"", ""yes_ask_dollars"": ""0.6400"", ""volume_fp"": ""5341.70"", ""open_interest_fp"": ""5341.70"", ""dollar_volume"": 2670, ""dollar_open_interest"": 2670, ""yes_bid_size_fp"": ""1.00"", ""yes_ask_size_fp"": ""3.00"", ""last_trade_size_fp"": ""1.00"", ""ts"": 1781669690, ""ts_ms"": 1781669690472, ""time"": ""2026-06-17T04:14:50.472533Z""}}",KXMLBTEAMTOTAL-26JUN161915SFATL,mlb,ATL,SF,,team_total,7,64,36,93,20,5341,5341,ws_ticker
3426651,KXMLBTEAMTOTAL-26JUN161915SFATL-SF8,2026-06-17T04:14:50.009900+00:00,,,57,35,"{""type"": ""ticker"", ""sid"": 1, ""msg"": {""market_id"": ""54f3b081-212a-4a24-ad23-1bf492100a8e"", ""market_ticker"": ""KXMLBTEAMTOTAL-26JUN161915SFATL-SF8"", ""price_dollars"": ""0.2000"", ""yes_bid_dollars"": ""0.0700"", ""yes_ask_dollars"": ""0.6400"", ""volume_fp"": ""5341.70"", ""open_interest_fp"": ""5341.70"", ""dollar_volume"": 2670, ""dollar_open_interest"": 2670, ""yes_bid_size_fp"": ""3.00"", ""yes_ask_size_fp"": ""1.00"", ""last_trade_size_fp"": ""1.00"", ""ts"": 1781669689, ""ts_ms"": 1781669689250, ""time"": ""2026-06-17T04:14:49.250938Z""}}",KXMLBTEAMTOTAL-26JUN161915SFATL,mlb,ATL,SF,,team_total,7,64,36,93,20,5341,5341,ws_ticker
3426076,KXMLBTEAMTOTAL-26JUN161915SFATL-SF8,2026-06-17T04:14:49.009217+00:00,,,57,35,"{""type"": ""ticker"", ""sid"": 1, ""msg"": {""market_id"": ""54f3b081-212a-4a24-ad23-1bf492100a8e"", ""market_ticker"": ""KXMLBTEAMTOTAL-26JUN161915SFATL-SF8"", ""price_dollars"": ""0.2000"", ""yes_bid_dollars"": ""0.0700"", ""yes_ask_dollars"": ""0.6400"", ""volume_fp"": ""5341.70"", ""open_interest_fp"": ""5341.70"", ""dollar_volume"": 2670, ""dollar_open_interest"": 2670, ""yes_bid_size_fp"": ""1.00"", ""yes_ask_size_fp"": ""1.00"", ""last_trade_size_fp"": ""1.00"", ""ts"": 1781669688, ""ts_ms"": 1781669688029, ""time"": ""2026-06-17T04:14:48.02952Z""}}",KXMLBTEAMTOTAL-26JUN161915SFATL,mlb,ATL,SF,,team_total,7,64,36,93,20,5341,5341,ws_ticker
3425575,KXMLBTEAMTOTAL-26JUN161915SFATL-SF8,2026-06-17T04:14:48.009008+00:00,,,57,35,"{""type"": ""ticker"", ""sid"": 1, ""msg"": {""market_id"": ""54f3b081-212a-4a24-ad23-1bf492100a8e"", ""market_ticker"": ""KXMLBTEAMTOTAL-26JUN161915SFATL-SF8"", ""price_dollars"": ""0.2000"", ""yes_bid_dollars"": ""0.0700"", ""yes_ask_dollars"": ""0.6400"", ""volume_fp"": ""5341.70"", ""open_interest_fp"": ""5341.70"", ""dollar_volume"": 2670, ""dollar_open_interest"": 2670, ""yes_bid_size_fp"": ""3.00"", ""yes_ask_size_fp"": ""1.00"", ""last_trade_size_fp"": ""1.00"", ""ts"": 1781669687, ""ts_ms"": 1781669687029, ""time"": ""2026-06-17T04:14:47.029163Z""}}",KXMLBTEAMTOTAL-26JUN161915SFATL,mlb,ATL,SF,,team_total,7,64,36,93,20,5341,5341,ws_ticker
3424322,KXMLBTEAMTOTAL-26JUN161915SFATL-SF8,2026-06-17T04:14:46.021875+00:00,,,57,35,"{""type"": ""ticker"", ""sid"": 1, ""msg"": {""market_id"": ""54f3b081-212a-4a24-ad23-1bf492100a8e"", ""market_ticker"": ""KXMLBTEAMTOTAL-26JUN161915SFATL-SF8"", ""price_dollars"": ""0.2000"", ""yes_bid_dollars"": ""0.0700"", ""yes_ask_dollars"": ""0.6400"", ""volume_fp"": ""5341.70"", ""open_interest_fp"": ""5341.70"", ""dollar_volume"": 2670, ""dollar_open_interest"": 2670, ""yes_bid_size_fp"": ""1.00"", ""yes_ask_size_fp"": ""1.00"", ""last_trade_size_fp"": ""1.00"", ""ts"": 1781669685, ""ts_ms"": 1781669685474, ""time"": ""2026-06-17T04:14:45.474385Z""}}",KXMLBTEAMTOTAL-26JUN161915SFATL,mlb,ATL,SF,,team_total,7,64,36,93,20,5341,5341,ws_ticker
3424320,KXMLBTEAMTOTAL-26JUN162140PITATH-ATH7,2026-06-17T04:14:46.021239+00:00,,,52,62,"{""type"": ""ticker"", ""sid"": 1, ""msg"": {""market_id"": ""8810ac6d-5904-4eef-8cbe-0606fb20fea8"", ""market_ticker"": ""KXMLBTEAMTOTAL-26JUN162140PITATH-ATH7"", ""price_dollars"": ""0.3800"", ""yes_bid_dollars"": ""0.3600"", ""yes_ask_dollars"": ""0.8800"", ""volume_fp"": ""5335.68"", ""open_interest_fp"": ""4236.44"", ""dollar_volume"": 2667, ""dollar_open_interest"": 2118, ""yes_bid_size_fp"": ""1.00"", ""yes_ask_size_fp"": ""16.00"", ""last_trade_size_fp"": ""15.71"", ""ts"": 1781669685, ""ts_ms"": 1781669685361, ""time"": ""2026-06-17T04:14:45.361608Z""}}",KXMLBTEAMTOTAL-26JUN162140PITATH,mlb,ATH,PIT,,team_total,36,88,12,64,38,5335,4236,ws_ticker
3424318,KXMLBTEAMTOTAL-26JUN162140PITATH-PIT7,2026-06-17T04:14:46.008439+00:00,,,37,44,"{""type"": ""ticker"", ""sid"": 1, ""msg"": {""market_id"": ""e18aec3f-027a-4ae6-93ef-a451f4d6ed8b"", ""market_ticker"": ""KXMLBTEAMTOTAL-26JUN162140PITATH-PIT7"", ""price_dollars"": ""0.6100"", ""yes_bid_dollars"": ""0.2600"", ""yes_ask_dollars"": ""0.6300"", ""volume_fp"": ""2224.22"", ""open_interest_fp"": ""2175.06"", ""dollar_volume"": 1112, ""dollar_open_interest"": 1087, ""yes_bid_size_fp"": ""450.00"", ""yes_ask_size_fp"": ""5.00"", ""last_trade_size_fp"": ""21.34"", ""ts"": 1781669684, ""ts_ms"": 1781669684713, ""time"": ""2026-06-17T04:14:44.713868Z""}}",KXMLBTEAMTOTAL-26JUN162140PITATH,mlb,ATH,PIT,,team_total,26,63,37,74,61,2224,2175,ws_ticker
3424071,KXMLBTEAMTOTAL-26JUN162140PITATH-PIT7,2026-06-17T04:14:45.671446+00:00,,,37,44,"{""type"": ""ticker"", ""sid"": 1, ""msg"": {""market_id"": ""e18aec3f-027a-4ae6-93ef-a451f4d6ed8b"", ""market_ticker"": ""KXMLBTEAMTOTAL-26JUN162140PITATH-PIT7"", ""price_dollars"": ""0.6100"", ""yes_bid_dollars"": ""0.2600"", ""yes_ask_dollars"": ""0.6300"", ""volume_fp"": ""2224.22"", ""open_interest_fp"": ""2175.06"", ""dollar_volume"": 1112, ""dollar_open_interest"": 1087, ""yes_bid_size_fp"": ""450.00"", ""yes_ask_size_fp"": ""5.00"", ""last_trade_size_fp"": ""21.34"", ""ts"": 1781669684, ""ts_ms"": 1781669684557, ""time"": ""2026-06-17T04:14:44.557834Z""}}",KXMLBTEAMTOTAL-26JUN162140PITATH,mlb,ATH,PIT,,team_total,26,63,37,74,61,2224,2175,ws_ticker
3424070,KXMLBTEAMTOTAL-26JUN161915SFATL-SF8,2026-06-17T04:14:45.670952+00:00,,,57,35,"{""type"": ""ticker"", ""sid"": 1, ""msg"": {""market_id"": ""54f3b081-212a-4a24-ad23-1bf492100a8e"", ""market_ticker"": ""KXMLBTEAMTOTAL-26JUN161915SFATL-SF8"", ""price_dollars"": ""0.2000"", ""yes_bid_dollars"": ""0.0700"", ""yes_ask_dollars"": ""0.6400"", ""volume_fp"": ""5341.70"", ""open_interest_fp"": ""5341.70"", ""dollar_volume"": 2670, ""dollar_open_interest"": 2670, ""yes_bid_size_fp"": ""3.00"", ""yes_ask_size_fp"": ""1.00"", ""last_trade_size_fp"": ""1.00"", ""ts"": 1781669683, ""ts_ms"": 1781669683926, ""time"": ""2026-06-17T04:14:43.926253Z""}}",KXMLBTEAMTOTAL-26JUN161915SFATL,mlb,ATL,SF,,team_total,7,64,36,93,20,5341,5341,ws_ticker
3424069,KXMLBTEAMTOTAL-26JUN162140PITATH-ATH6,2026-06-17T04:14:45.670360+00:00,,,25,72,"{""type"": ""ticker"", ""sid"": 1, ""msg"": {""market_id"": ""ed360a1f-9710-4c68-a1a3-02d5df386a83"", ""market_ticker"": ""KXMLBTEAMTOTAL-26JUN162140PITATH-ATH6"", ""price_dollars"": ""0.7100"", ""yes_bid_dollars"": ""0.6000"", ""yes_ask_dollars"": ""0.8500"", ""volume_fp"": ""15858.16"", ""open_interest_fp"": ""13764.28"", ""dollar_volume"": 7929, ""dollar_open_interest"": 6882, ""yes_bid_size_fp"": ""1.00"", ""yes_ask_size_fp"": ""1.00"", ""last_trade_size_fp"": ""115.94"", ""ts"": 1781669683, ""ts_ms"": 1781669683801, ""time"": ""2026-06-17T04:14:43.801142Z""}}",KXMLBTEAMTOTAL-26JUN162140PITATH,mlb,ATH,PIT,,team_total,60,85,15,40,71,15858,13764,ws_ticker
3424068,KXMLBTEAMTOTAL-26JUN162140PITATH-PIT7,2026-06-17T04:14:44.608798+00:00,,,36,45,"{""type"": ""ticker"", ""sid"": 1, ""msg"": {""market_id"": ""e18aec3f-027a-4ae6-93ef-a451f4d6ed8b"", ""market_ticker"": ""KXMLBTEAMTOTAL-26JUN162140PITATH-PIT7"", ""price_dollars"": ""0.6100"", ""yes_bid_dollars"": ""0.2700"", ""yes_ask_dollars"": ""0.6300"", ""volume_fp"": ""2224.22"", ""open_interest_fp"": ""2175.06"", ""dollar_volume"": 1112, ""dollar_open_interest"": 1087, ""yes_bid_size_fp"": ""450.00"", ""yes_ask_size_fp"": ""5.00"", ""last_trade_size_fp"": ""21.34"", ""ts"": 1781669683, ""ts_ms"": 1781669683563, ""time"": ""2026-06-17T04:14:43.563668Z""}}",KXMLBTEAMTOTAL-26JUN162140PITATH,mlb,ATH,PIT,,team_total,27,63,37,73,61,2224,2175,ws_ticker
3424067,KXMLBTEAMTOTAL-26JUN162140PITATH-ATH6,2026-06-17T04:14:44.608283+00:00,,,27,72,"{""type"": ""ticker"", ""sid"": 1, ""msg"": {""market_id"": ""ed360a1f-9710-4c68-a1a3-02d5df386a83"", ""market_ticker"": ""KXMLBTEAMTOTAL-26JUN162140PITATH-ATH6"", ""price_dollars"": ""0.7100"", ""yes_bid_dollars"": ""0.5900"", ""yes_ask_dollars"": ""0.8600"", ""volume_fp"": ""15858.16"", ""open_interest_fp"": ""13764.28"", ""dollar_volume"": 7929, ""dollar_open_interest"": 6882, ""yes_bid_size_fp"": ""3.00"", ""yes_ask_size_fp"": ""14.00"", ""last_trade_size_fp"": ""115.94"", ""ts"": 1781669682, ""ts_ms"": 1781669682687, ""time"": ""2026-06-17T04:14:42.687846Z""}}",KXMLBTEAMTOTAL-26JUN162140PITATH,mlb,ATH,PIT,,team_total,59,86,14,41,71,15858,13764,ws_ticker
3424066,KXMLBTEAMTOTAL-26JUN162140PITATH-PIT8,2026-06-17T04:14:44.607698+00:00,,,57,35,"{""type"": ""ticker"", ""sid"": 1, ""msg"": {""market_id"": ""1d254009-c1a6-4e0b-97af-854fc91d41b2"", ""market_ticker"": ""KXMLBTEAMTOTAL-26JUN162140PITATH-PIT8"", ""price_dollars"": ""0.4500"", ""yes_bid_dollars"": ""0.0700"", ""yes_ask_dollars"": ""0.6400"", ""volume_fp"": ""1298.02"", ""open_interest_fp"": ""1296.72"", ""dollar_volume"": 649, ""dollar_open_interest"": 648, ""yes_bid_size_fp"": ""1.00"", ""yes_ask_size_fp"": ""1.00"", ""last_trade_size_fp"": ""0.34"", ""ts"": 1781669682, ""ts_ms"": 1781669682675, ""time"": ""2026-06-17T04:14:42.675882Z""}}",KXMLBTEAMTOTAL-26JUN162140PITATH,mlb,ATH,PIT,,team_total,7,64,36,93,45,1298,1296,ws_ticker
3424065,KXMLBTEAMTOTAL-26JUN162140PITATH-PIT7,2026-06-17T04:14:43.009761+00:00,,,50,38,"{""type"": ""ticker"", ""sid"": 1, ""msg"": {""market_id"": ""e18aec3f-027a-4ae6-93ef-a451f4d6ed8b"", ""market_ticker"": ""KXMLBTEAMTOTAL-26JUN162140PITATH-PIT7"", ""price_dollars"": ""0.6100"", ""yes_bid_dollars"": ""0.1300"", ""yes_ask_dollars"": ""0.6300"", ""volume_fp"": ""2224.22"", ""open_interest_fp"": ""2175.06"", ""dollar_volume"": 1112, ""dollar_open_interest"": 1087, ""yes_bid_size_fp"": ""299.00"", ""yes_ask_size_fp"": ""5.00"", ""last_trade_size_fp"": ""21.34"", ""ts"": 1781669682, ""ts_ms"": 1781669682593, ""time"": ""2026-06-17T04:14:42.593114Z""}}",KXMLBTEAMTOTAL-26JUN162140PITATH,mlb,ATH,PIT,,team_total,13,63,37,87,61,2224,2175,ws_ticker
3424064,KXMLBTEAMTOTAL-26JUN162140PITATH-PIT8,2026-06-17T04:14:43.009192+00:00,,,57,35,"{""type"": ""ticker"", ""sid"": 1, ""msg"": {""market_id"": ""1d254009-c1a6-4e0b-97af-854fc91d41b2"", ""market_ticker"": ""KXMLBTEAMTOTAL-26JUN162140PITATH-PIT8"", ""price_dollars"": ""0.4500"", ""yes_bid_dollars"": ""0.0700"", ""yes_ask_dollars"": ""0.6400"", ""volume_fp"": ""1298.02"", ""open_interest_fp"": ""1296.72"", ""dollar_volume"": 649, ""dollar_open_interest"": 648, ""yes_bid_size_fp"": ""1.00"", ""yes_ask_size_fp"": ""1.00"", ""last_trade_size_fp"": ""0.34"", ""ts"": 1781669682, ""ts_ms"": 1781669682581, ""time"": ""2026-06-17T04:14:42.581386Z""}}",KXMLBTEAMTOTAL-26JUN162140PITATH,mlb,ATH,PIT,,team_total,7,64,36,93,45,1298,1296,ws_ticker
3424063,KXMLBTEAMTOTAL-26JUN161915SFATL-SF8,2026-06-17T04:14:43.008579+00:00,,,57,35,"{""type"": ""ticker"", ""sid"": 1, ""msg"": {""market_id"": ""54f3b081-212a-4a24-ad23-1bf492100a8e"", ""market_ticker"": ""KXMLBTEAMTOTAL-26JUN161915SFATL-SF8"", ""price_dollars"": ""0.2000"", ""yes_bid_dollars"": ""0.0700"", ""yes_ask_dollars"": ""0.6400"", ""volume_fp"": ""5341.70"", ""open_interest_fp"": ""5341.70"", ""dollar_volume"": 2670, ""dollar_open_interest"": 2670, ""yes_bid_size_fp"": ""1.00"", ""yes_ask_size_fp"": ""3.00"", ""last_trade_size_fp"": ""1.00"", ""ts"": 1781669682, ""ts_ms"": 1781669682538, ""time"": ""2026-06-17T04:14:42.538202Z""}}",KXMLBTEAMTOTAL-26JUN161915SFATL,mlb,ATL,SF,,team_total,7,64,36,93,20,5341,5341,ws_ticker
3424062,KXMLBTEAMTOTAL-26JUN162140PITATH-PIT7,2026-06-17T04:14:42.009574+00:00,,,49,38,"{""type"": ""ticker"", ""sid"": 1, ""msg"": {""market_id"": ""e18aec3f-027a-4ae6-93ef-a451f4d6ed8b"", ""market_ticker"": ""KXMLBTEAMTOTAL-26JUN162140PITATH-PIT7"", ""price_dollars"": ""0.6100"", ""yes_bid_dollars"": ""0.1400"", ""yes_ask_dollars"": ""0.6300"", ""volume_fp"": ""2224.22"", ""open_interest_fp"": ""2175.06"", ""dollar_volume"": 1112, ""dollar_open_interest"": 1087, ""yes_bid_size_fp"": ""1450.00"", ""yes_ask_size_fp"": ""5.00"", ""last_trade_size_fp"": ""21.34"", ""ts"": 1781669681, ""ts_ms"": 1781669681537, ""time"": ""2026-06-17T04:14:41.53762Z""}}",KXMLBTEAMTOTAL-26JUN162140PITATH,mlb,ATH,PIT,,team_total,14,63,37,86,61,2224,2175,ws_ticker
3424061,KXMLBTEAMTOTAL-26JUN162140PITATH-PIT8,2026-06-17T04:14:42.008927+00:00,,,57,35,"{""type"": ""ticker"", ""sid"": 1, ""msg"": {""market_id"": ""1d254009-c1a6-4e0b-97af-854fc91d41b2"", ""market_ticker"": ""KXMLBTEAMTOTAL-26JUN162140PITATH-PIT8"", ""price_dollars"": ""0.4500"", ""yes_bid_dollars"": ""0.0700"", ""yes_ask_dollars"": ""0.6400"", ""volume_fp"": ""1298.02"", ""open_interest_fp"": ""1296.72"", ""dollar_volume"": 649, ""dollar_open_interest"": 648, ""yes_bid_size_fp"": ""1.00"", ""yes_ask_size_fp"": ""1.00"", ""last_trade_size_fp"": ""0.34"", ""ts"": 1781669681, ""ts_ms"": 1781669681508, ""time"": ""2026-06-17T04:14:41.508438Z""}}",KXMLBTEAMTOTAL-26JUN162140PITATH,mlb,ATH,PIT,,team_total,7,64,36,93,45,1298,1296,ws_ticker
3424060,KXMLBTEAMTOTAL-26JUN162140PITATH-PIT6,2026-06-17T04:14:38.008757+00:00,,,51,65,"{""type"": ""ticker"", ""sid"": 1, ""msg"": {""market_id"": ""255c197b-e90f-4c6c-8149-a50559a8fe80"", ""market_ticker"": ""KXMLBTEAMTOTAL-26JUN162140PITATH-PIT6"", ""price_dollars"": ""0.7700"", ""yes_bid_dollars"": ""0.4000"", ""yes_ask_dollars"": ""0.9100"", ""volume_fp"": ""5897.62"", ""open_interest_fp"": ""4677.22"", ""dollar_volume"": 2948, ""dollar_open_interest"": 2338, ""yes_bid_size_fp"": ""5.00"", ""yes_ask_size_fp"": ""50.00"", ""last_trade_size_fp"": ""1.20"", ""ts"": 1781669677, ""ts_ms"": 1781669677320, ""time"": ""2026-06-17T04:14:37.320767Z""}}",KXMLBTEAMTOTAL-26JUN162140PITATH,mlb,ATH,PIT,,team_total,40,91,9,60,77,5897,4677,ws_ticker
3424059,KXMLBTEAMTOTAL-26JUN161915SFATL-SF8,2026-06-17T04:14:38.008135+00:00,,,57,35,"{""type"": ""ticker"", ""sid"": 1, ""msg"": {""market_id"": ""54f3b081-212a-4a24-ad23-1bf492100a8e"", ""market_ticker"": ""KXMLBTEAMTOTAL-26JUN161915SFATL-SF8"", ""price_dollars"": ""0.2000"", ""yes_bid_dollars"": ""0.0700"", ""yes_ask_dollars"": ""0.6400"", ""volume_fp"": ""5341.70"", ""open_interest_fp"": ""5341.70"", ""dollar_volume"": 2670, ""dollar_open_interest"": 2670, ""yes_bid_size_fp"": ""3.00"", ""yes_ask_size_fp"": ""1.00"", ""last_trade_size_fp"": ""1.00"", ""ts"": 1781669677, ""ts_ms"": 1781669677090, ""time"": ""2026-06-17T04:14:37.090942Z""}}",KXMLBTEAMTOTAL-26JUN161915SFATL,mlb,ATL,SF,,team_total,7,64,36,93,20,5341,5341,ws_ticker
3424058,KXMLBTEAMTOTAL-26JUN161915SFATL-SF8,2026-06-17T04:14:37.010786+00:00,,,57,35,"{""type"": ""ticker"", ""sid"": 1, ""msg"": {""market_id"": ""54f3b081-212a-4a24-ad23-1bf492100a8e"", ""market_ticker"": ""KXMLBTEAMTOTAL-26JUN161915SFATL-SF8"", ""price_dollars"": ""0.2000"", ""yes_bid_dollars"": ""0.0700"", ""yes_ask_dollars"": ""0.6400"", ""volume_fp"": ""5341.70"", ""open_interest_fp"": ""5341.70"", ""dollar_volume"": 2670, ""dollar_open_interest"": 2670, ""yes_bid_size_fp"": ""1.00"", ""yes_ask_size_fp"": ""1.00"", ""last_trade_size_fp"": ""1.00"", ""ts"": 1781669676, ""ts_ms"": 1781669676452, ""time"": ""2026-06-17T04:14:36.452622Z""}}",KXMLBTEAMTOTAL-26JUN161915SFATL,mlb,ATL,SF,,team_total,7,64,36,93,20,5341,5341,ws_ticker
3424057,KXMLBTEAMTOTAL-26JUN162140PITATH-PIT8,2026-06-17T04:14:37.010321+00:00,,,57,35,"{""type"": ""ticker"", ""sid"": 1, ""msg"": {""market_id"": ""1d254009-c1a6-4e0b-97af-854fc91d41b2"", ""market_ticker"": ""KXMLBTEAMTOTAL-26JUN162140PITATH-PIT8"", ""price_dollars"": ""0.4500"", ""yes_bid_dollars"": ""0.0700"", ""yes_ask_dollars"": ""0.6400"", ""volume_fp"": ""1298.02"", ""open_interest_fp"": ""1296.72"", ""dollar_volume"": 649, ""dollar_open_interest"": 648, ""yes_bid_size_fp"": ""1.00"", ""yes_ask_size_fp"": ""1.00"", ""last_trade_size_fp"": ""0.34"", ""ts"": 1781669676, ""ts_ms"": 1781669676035, ""time"": ""2026-06-17T04:14:36.035626Z""}}",KXMLBTEAMTOTAL-26JUN162140PITATH,mlb,ATH,PIT,,team_total,7,64,36,93,45,1298,1296,ws_ticker
3424056,KXMLBTEAMTOTAL-26JUN162140LAAAZ-LAA7,2026-06-17T04:14:37.009657+00:00,,,1,99,"{""type"": ""ticker"", ""sid"": 1, ""msg"": {""market_id"": ""274d1b7d-27e1-47eb-a948-a1a01416d6ea"", ""market_ticker"": ""KXMLBTEAMTOTAL-26JUN162140LAAAZ-LAA7"", ""price_dollars"": ""0.9900"", ""yes_bid_dollars"": ""0.9900"", ""yes_ask_dollars"": ""1.0000"", ""volume_fp"": ""8574.22"", ""open_interest_fp"": ""4551.28"", ""dollar_volume"": 4287, ""dollar_open_interest"": 2275, ""yes_bid_size_fp"": ""14084.69"", ""yes_ask_size_fp"": ""0.00"", ""last_trade_size_fp"": ""93.00"", ""ts"": 1781669676, ""ts_ms"": 1781669676016, ""time"": ""2026-06-17T04:14:36.016953Z""}}",KXMLBTEAMTOTAL-26JUN162140LAAAZ,mlb,AZ,LAA,,team_total,99,100,0,1,99,8574,4551,ws_ticker
3424055,KXMLBTEAMTOTAL-26JUN162140PITATH-PIT7,2026-06-17T04:14:37.008939+00:00,,,51,37,"{""type"": ""ticker"", ""sid"": 1, ""msg"": {""market_id"": ""e18aec3f-027a-4ae6-93ef-a451f4d6ed8b"", ""market_ticker"": ""KXMLBTEAMTOTAL-26JUN162140PITATH-PIT7"", ""price_dollars"": ""0.6100"", ""yes_bid_dollars"": ""0.1200"", ""yes_ask_dollars"": ""0.6300"", ""volume_fp"": ""2224.22"", ""open_interest_fp"": ""2175.06"", ""dollar_volume"": 1112, ""dollar_open_interest"": 1087, ""yes_bid_size_fp"": ""16.00"", ""yes_ask_size_fp"": ""5.00"", ""last_trade_size_fp"": ""21.34"", ""ts"": 1781669676, ""ts_ms"": 1781669676007, ""time"": ""2026-06-17T04:14:36.00712Z""}}",KXMLBTEAMTOTAL-26JUN162140PITATH,mlb,ATH,PIT,,team_total,12,63,37,88,61,2224,2175,ws_ticker
3424054,KXMLBTEAMTOTAL-26JUN162140PITATH-PIT7,2026-06-17T04:14:36.010580+00:00,,,51,37,"{""type"": ""ticker"", ""sid"": 1, ""msg"": {""market_id"": ""e18aec3f-027a-4ae6-93ef-a451f4d6ed8b"", ""market_ticker"": ""KXMLBTEAMTOTAL-26JUN162140PITATH-PIT7"", ""price_dollars"": ""0.6100"", ""yes_bid_dollars"": ""0.1200"", ""yes_ask_dollars"": ""0.6300"", ""volume_fp"": ""2224.22"", ""open_interest_fp"": ""2175.06"", ""dollar_volume"": 1112, ""dollar_open_interest"": 1087, ""yes_bid_size_fp"": ""16.00"", ""yes_ask_size_fp"": ""5.00"", ""last_trade_size_fp"": ""21.34"", ""ts"": 1781669675, ""ts_ms"": 1781669675598, ""time"": ""2026-06-17T04:14:35.598784Z""}}",KXMLBTEAMTOTAL-26JUN162140PITATH,mlb,ATH,PIT,,team_total,12,63,37,88,61,2224,2175,ws_ticker
3424053,KXMLBTEAMTOTAL-26JUN162140PITATH-PIT8,2026-06-17T04:14:36.010119+00:00,,,57,35,"{""type"": ""ticker"", ""sid"": 1, ""msg"": {""market_id"": ""1d254009-c1a6-4e0b-97af-854fc91d41b2"", ""market_ticker"": ""KXMLBTEAMTOTAL-26JUN162140PITATH-PIT8"", ""price_dollars"": ""0.4500"", ""yes_bid_dollars"": ""0.0700"", ""yes_ask_dollars"": ""0.6400"", ""volume_fp"": ""1298.02"", ""open_interest_fp"": ""1296.72"", ""dollar_volume"": 649, ""dollar_open_interest"": 648, ""yes_bid_size_fp"": ""1.00"", ""yes_ask_size_fp"": ""1.00"", ""last_trade_size_fp"": ""0.34"", ""ts"": 1781669675, ""ts_ms"": 1781669675558, ""time"": ""2026-06-17T04:14:35.558114Z""}}",KXMLBTEAMTOTAL-26JUN162140PITATH,mlb,ATH,PIT,,team_total,7,64,36,93,45,1298,1296,ws_ticker
3424052,KXMLBTEAMTOTAL-26JUN162140PITATH-ATH8,2026-06-17T04:14:36.009556+00:00,,,67,40,"{""type"": ""ticker"", ""sid"": 1, ""msg"": {""market_id"": ""b44f60d5-dd63-43f9-b361-9aadd408d66f"", ""market_ticker"": ""KXMLBTEAMTOTAL-26JUN162140PITATH-ATH8"", ""price_dollars"": ""0.0800"", ""yes_bid_dollars"": ""0.0700"", ""yes_ask_dollars"": ""0.7400"", ""volume_fp"": ""3101.72"", ""open_interest_fp"": ""2016.38"", ""dollar_volume"": 1550, ""dollar_open_interest"": 1008, ""yes_bid_size_fp"": ""1450.00"", ""yes_ask_size_fp"": ""1.00"", ""last_trade_size_fp"": ""158.04"", ""ts"": 1781669674, ""ts_ms"": 1781669674936, ""time"": ""2026-06-17T04:14:34.93642Z""}}",KXMLBTEAMTOTAL-26JUN162140PITATH,mlb,ATH,PIT,,team_total,7,74,26,93,8,3101,2016,ws_ticker
3424051,KXMLBTEAMTOTAL-26JUN161915SFATL-SF8,2026-06-17T04:14:35.009618+00:00,,,57,35,"{""type"": ""ticker"", ""sid"": 1, ""msg"": {""market_id"": ""54f3b081-212a-4a24-ad23-1bf492100a8e"", ""market_ticker"": ""KXMLBTEAMTOTAL-26JUN161915SFATL-SF8"", ""price_dollars"": ""0.2000"", ""yes_bid_dollars"": ""0.0700"", ""yes_ask_dollars"": ""0.6400"", ""volume_fp"": ""5341.70"", ""open_interest_fp"": ""5341.70"", ""dollar_volume"": 2670, ""dollar_open_interest"": 2670, ""yes_bid_size_fp"": ""3.00"", ""yes_ask_size_fp"": ""1.00"", ""last_trade_size_fp"": ""1.00"", ""ts"": 1781669674, ""ts_ms"": 1781669674565, ""time"": ""2026-06-17T04:14:34.56598Z""}}",KXMLBTEAMTOTAL-26JUN161915SFATL,mlb,ATL,SF,,team_total,7,64,36,93,20,5341,5341,ws_ticker
3424050,KXMLBTEAMTOTAL-26JUN162140PITATH-ATH6,2026-06-17T04:14:35.009078+00:00,,,29,72,"{""type"": ""ticker"", ""sid"": 1, ""msg"": {""market_id"": ""ed360a1f-9710-4c68-a1a3-02d5df386a83"", ""market_ticker"": ""KXMLBTEAMTOTAL-26JUN162140PITATH-ATH6"", ""price_dollars"": ""0.7100"", ""yes_bid_dollars"": ""0.5800"", ""yes_ask_dollars"": ""0.8700"", ""volume_fp"": ""15858.16"", ""open_interest_fp"": ""13764.28"", ""dollar_volume"": 7929, ""dollar_open_interest"": 6882, ""yes_bid_size_fp"": ""1.00"", ""yes_ask_size_fp"": ""1.00"", ""last_trade_size_fp"": ""115.94"", ""ts"": 1781669674, ""ts_ms"": 1781669674213, ""time"": ""2026-06-17T04:14:34.21356Z""}}",KXMLBTEAMTOTAL-26JUN162140PITATH,mlb,ATH,PIT,,team_total,58,87,13,42,71,15858,13764,ws_ticker
3424049,KXMLBTEAMTOTAL-26JUN161915SFATL-SF8,2026-06-17T04:14:34.008975+00:00,,,57,35,"{""type"": ""ticker"", ""sid"": 1, ""msg"": {""market_id"": ""54f3b081-212a-4a24-ad23-1bf492100a8e"", ""market_ticker"": ""KXMLBTEAMTOTAL-26JUN161915SFATL-SF8"", ""price_dollars"": ""0.2000"", ""yes_bid_dollars"": ""0.0700"", ""yes_ask_dollars"": ""0.6400"", ""volume_fp"": ""5341.70"", ""open_interest_fp"": ""5341.70"", ""dollar_volume"": 2670, ""dollar_open_interest"": 2670, ""yes_bid_size_fp"": ""1.00"", ""yes_ask_size_fp"": ""1.00"", ""last_trade_size_fp"": ""1.00"", ""ts"": 1781669672, ""ts_ms"": 1781669672995, ""time"": ""2026-06-17T04:14:32.995873Z""}}",KXMLBTEAMTOTAL-26JUN161915SFATL,mlb,ATL,SF,,team_total,7,64,36,93,20,5341,5341,ws_ticker
3424048,KXMLBTEAMTOTAL-26JUN162140PITATH-ATH6,2026-06-17T04:14:34.008449+00:00,,,30,73,"{""type"": ""ticker"", ""sid"": 1, ""msg"": {""market_id"": ""ed360a1f-9710-4c68-a1a3-02d5df386a83"", ""market_ticker"": ""KXMLBTEAMTOTAL-26JUN162140PITATH-ATH6"", ""price_dollars"": ""0.7100"", ""yes_bid_dollars"": ""0.5800"", ""yes_ask_dollars"": ""0.8800"", ""volume_fp"": ""15858.16"", ""open_interest_fp"": ""13764.28"", ""dollar_volume"": 7929, ""dollar_open_interest"": 6882, ""yes_bid_size_fp"": ""1.00"", ""yes_ask_size_fp"": ""51.00"", ""last_trade_size_fp"": ""115.94"", ""ts"": 1781669672, ""ts_ms"": 1781669672936, ""time"": ""2026-06-17T04:14:32.936737Z""}}",KXMLBTEAMTOTAL-26JUN162140PITATH,mlb,ATH,PIT,,team_total,58,88,12,42,71,15858,13764,ws_ticker
3424047,KXMLBTEAMTOTAL-26JUN162140PITATH-ATH7,2026-06-17T04:14:34.007815+00:00,,,53,62,"{""type"": ""ticker"", ""sid"": 1, ""msg"": {""market_id"": ""8810ac6d-5904-4eef-8cbe-0606fb20fea8"", ""market_ticker"": ""KXMLBTEAMTOTAL-26JUN162140PITATH-ATH7"", ""price_dollars"": ""0.3800"", ""yes_bid_dollars"": ""0.3600"", ""yes_ask_dollars"": ""0.8900"", ""volume_fp"": ""5335.68"", ""open_interest_fp"": ""4236.44"", ""dollar_volume"": 2667, ""dollar_open_interest"": 2118, ""yes_bid_size_fp"": ""1.00"", ""yes_ask_size_fp"": ""50.00"", ""last_trade_size_fp"": ""15.71"", ""ts"": 1781669672, ""ts_ms"": 1781669672936, ""time"": ""2026-06-17T04:14:32.936727Z""}}",KXMLBTEAMTOTAL-26JUN162140PITATH,mlb,ATH,PIT,,team_total,36,89,11,64,38,5335,4236,ws_ticker
3424046,KXMLBTEAMTOTAL-26JUN162140PITATH-ATH8,2026-06-17T04:14:33.007777+00:00,,,69,39,"{""type"": ""ticker"", ""sid"": 1, ""msg"": {""market_id"": ""b44f60d5-dd63-43f9-b361-9aadd408d66f"", ""market_ticker"": ""KXMLBTEAMTOTAL-26JUN162140PITATH-ATH8"", ""price_dollars"": ""0.0800"", ""yes_bid_dollars"": ""0.0500"", ""yes_ask_dollars"": ""0.7400"", ""volume_fp"": ""3101.72"", ""open_interest_fp"": ""2016.38"", ""dollar_volume"": 1550, ""dollar_open_interest"": 1008, ""yes_bid_size_fp"": ""50.00"", ""yes_ask_size_fp"": ""1.00"", ""last_trade_size_fp"": ""158.04"", ""ts"": 1781669672, ""ts_ms"": 1781669672224, ""time"": ""2026-06-17T04:14:32.224818Z""}}",KXMLBTEAMTOTAL-26JUN162140PITATH,mlb,ATH,PIT,,team_total,5,74,26,95,8,3101,2016,ws_ticker
3424045,KXMLBTEAMTOTAL-26JUN161915SFATL-SF8,2026-06-17T04:14:32.008725+00:00,,,57,35,"{""type"": ""ticker"", ""sid"": 1, ""msg"": {""market_id"": ""54f3b081-212a-4a24-ad23-1bf492100a8e"", ""market_ticker"": ""KXMLBTEAMTOTAL-26JUN161915SFATL-SF8"", ""price_dollars"": ""0.2000"", ""yes_bid_dollars"": ""0.0700"", ""yes_ask_dollars"": ""0.6400"", ""volume_fp"": ""5341.70"", ""open_interest_fp"": ""5341.70"", ""dollar_volume"": 2670, ""dollar_open_interest"": 2670, ""yes_bid_size_fp"": ""3.00"", ""yes_ask_size_fp"": ""1.00"", ""last_trade_size_fp"": ""1.00"", ""ts"": 1781669671, ""ts_ms"": 1781669671170, ""time"": ""2026-06-17T04:14:31.170243Z""}}",KXMLBTEAMTOTAL-26JUN161915SFATL,mlb,ATL,SF,,team_total,7,64,36,93,20,5341,5341,ws_ticker
3424044,KXMLBTEAMTOTAL-26JUN161915SFATL-SF8,2026-06-17T04:14:31.008600+00:00,,,57,35,"{""type"": ""ticker"", ""sid"": 1, ""msg"": {""market_id"": ""54f3b081-212a-4a24-ad23-1bf492100a8e"", ""market_ticker"": ""KXMLBTEAMTOTAL-26JUN161915SFATL-SF8"", ""price_dollars"": ""0.2000"", ""yes_bid_dollars"": ""0.0700"", ""yes_ask_dollars"": ""0.6400"", ""volume_fp"": ""5341.70"", ""open_interest_fp"": ""5341.70"", ""dollar_volume"": 2670, ""dollar_open_interest"": 2670, ""yes_bid_size_fp"": ""1.00"", ""yes_ask_size_fp"": ""3.00"", ""last_trade_size_fp"": ""1.00"", ""ts"": 1781669670, ""ts_ms"": 1781669670197, ""time"": ""2026-06-17T04:14:30.19791Z""}}",KXMLBTEAMTOTAL-26JUN161915SFATL,mlb,ATL,SF,,team_total,7,64,36,93,20,5341,5341,ws_ticker
3424043,KXMLBTEAMTOTAL-26JUN161915SFATL-SF8,2026-06-17T04:14:30.009208+00:00,,,57,35,"{""type"": ""ticker"", ""sid"": 1, ""msg"": {""market_id"": ""54f3b081-212a-4a24-ad23-1bf492100a8e"", ""market_ticker"": ""KXMLBTEAMTOTAL-26JUN161915SFATL-SF8"", ""price_dollars"": ""0.2000"", ""yes_bid_dollars"": ""0.0700"", ""yes_ask_dollars"": ""0.6400"", ""volume_fp"": ""5341.70"", ""open_interest_fp"": ""5341.70"", ""dollar_volume"": 2670, ""dollar_open_interest"": 2670, ""yes_bid_size_fp"": ""3.00"", ""yes_ask_size_fp"": ""1.00"", ""last_trade_size_fp"": ""1.00"", ""ts"": 1781669669, ""ts_ms"": 1781669669403, ""time"": ""2026-06-17T04:14:29.403854Z""}}",KXMLBTEAMTOTAL-26JUN161915SFATL,mlb,ATL,SF,,team_total,7,64,36,93,20,5341,5341,ws_ticker
3424042,KXMLBTEAMTOTAL-26JUN162140PITATH-ATH6,2026-06-17T04:14:30.008537+00:00,,,30,73,"{""type"": ""ticker"", ""sid"": 1, ""msg"": {""market_id"": ""ed360a1f-9710-4c68-a1a3-02d5df386a83"", ""market_ticker"": ""KXMLBTEAMTOTAL-26JUN162140PITATH-ATH6"", ""price_dollars"": ""0.7100"", ""yes_bid_dollars"": ""0.5800"", ""yes_ask_dollars"": ""0.8800"", ""volume_fp"": ""15858.16"", ""open_interest_fp"": ""13764.28"", ""dollar_volume"": 7929, ""dollar_open_interest"": 6882, ""yes_bid_size_fp"": ""1.00"", ""yes_ask_size_fp"": ""1.00"", ""last_trade_size_fp"": ""115.94"", ""ts"": 1781669669, ""ts_ms"": 1781669669215, ""time"": ""2026-06-17T04:14:29.21546Z""}}",KXMLBTEAMTOTAL-26JUN162140PITATH,mlb,ATH,PIT,,team_total,58,88,12,42,71,15858,13764,ws_ticker
3424041,KXMLBTEAMTOTAL-26JUN161915SFATL-SF8,2026-06-17T04:14:29.009157+00:00,,,57,35,"{""type"": ""ticker"", ""sid"": 1, ""msg"": {""market_id"": ""54f3b081-212a-4a24-ad23-1bf492100a8e"", ""market_ticker"": ""KXMLBTEAMTOTAL-26JUN161915SFATL-SF8"", ""price_dollars"": ""0.2000"", ""yes_bid_dollars"": ""0.0700"", ""yes_ask_dollars"": ""0.6400"", ""volume_fp"": ""5341.70"", ""open_interest_fp"": ""5341.70"", ""dollar_volume"": 2670, ""dollar_open_interest"": 2670, ""yes_bid_size_fp"": ""1.00"", ""yes_ask_size_fp"": ""1.00"", ""last_trade_size_fp"": ""1.00"", ""ts"": 1781669668, ""ts_ms"": 1781669668404, ""time"": ""2026-06-17T04:14:28.404363Z""}}",KXMLBTEAMTOTAL-26JUN161915SFATL,mlb,ATL,SF,,team_total,7,64,36,93,20,5341,5341,ws_ticker
3424040,KXMLBTEAMTOTAL-26JUN161915SFATL-SF8,2026-06-17T04:14:28.008243+00:00,,,57,35,"{""type"": ""ticker"", ""sid"": 1, ""msg"": {""market_id"": ""54f3b081-212a-4a24-ad23-1bf492100a8e"", ""market_ticker"": ""KXMLBTEAMTOTAL-26JUN161915SFATL-SF8"", ""price_dollars"": ""0.2000"", ""yes_bid_dollars"": ""0.0700"", ""yes_ask_dollars"": ""0.6400"", ""volume_fp"": ""5341.70"", ""open_interest_fp"": ""5341.70"", ""dollar_volume"": 2670, ""dollar_open_interest"": 2670, ""yes_bid_size_fp"": ""3.00"", ""yes_ask_size_fp"": ""1.00"", ""last_trade_size_fp"": ""1.00"", ""ts"": 1781669667, ""ts_ms"": 1781669667515, ""time"": ""2026-06-17T04:14:27.515476Z""}}",KXMLBTEAMTOTAL-26JUN161915SFATL,mlb,ATL,SF,,team_total,7,64,36,93,20,5341,5341,ws_ticker
3424039,KXMLBTEAMTOTAL-26JUN161915SFATL-SF8,2026-06-17T04:14:27.007754+00:00,,,57,35,"{""type"": ""ticker"", ""sid"": 1, ""msg"": {""market_id"": ""54f3b081-212a-4a24-ad23-1bf492100a8e"", ""market_ticker"": ""KXMLBTEAMTOTAL-26JUN161915SFATL-SF8"", ""price_dollars"": ""0.2000"", ""yes_bid_dollars"": ""0.0700"", ""yes_ask_dollars"": ""0.6400"", ""volume_fp"": ""5341.70"", ""open_interest_fp"": ""5341.70"", ""dollar_volume"": 2670, ""dollar_open_interest"": 2670, ""yes_bid_size_fp"": ""1.00"", ""yes_ask_size_fp"": ""1.00"", ""last_trade_size_fp"": ""1.00"", ""ts"": 1781669666, ""ts_ms"": 1781669666516, ""time"": ""2026-06-17T04:14:26.516401Z""}}",KXMLBTEAMTOTAL-26JUN161915SFATL,mlb,ATL,SF,,team_total,7,64,36,93,20,5341,5341,ws_ticker
3424038,KXMLBTEAMTOTAL-26JUN161915SFATL-SF8,2026-06-17T04:14:26.008875+00:00,,,57,35,"{""type"": ""ticker"", ""sid"": 1, ""msg"": {""market_id"": ""54f3b081-212a-4a24-ad23-1bf492100a8e"", ""market_ticker"": ""KXMLBTEAMTOTAL-26JUN161915SFATL-SF8"", ""price_dollars"": ""0.2000"", ""yes_bid_dollars"": ""0.0700"", ""yes_ask_dollars"": ""0.6400"", ""volume_fp"": ""5341.70"", ""open_interest_fp"": ""5341.70"", ""dollar_volume"": 2670, ""dollar_open_interest"": 2670, ""yes_bid_size_fp"": ""1.00"", ""yes_ask_size_fp"": ""1.00"", ""last_trade_size_fp"": ""1.00"", ""ts"": 1781669665, ""ts_ms"": 1781669665516, ""time"": ""2026-06-17T04:14:25.516177Z""}}",KXMLBTEAMTOTAL-26JUN161915SFATL,mlb,ATL,SF,,team_total,7,64,36,93,20,5341,5341,ws_ticker
3424037,KXMLBTEAMTOTAL-26JUN162140PITATH-ATH6,2026-06-17T04:14:26.008412+00:00,,,32,72,"{""type"": ""ticker"", ""sid"": 1, ""msg"": {""market_id"": ""ed360a1f-9710-4c68-a1a3-02d5df386a83"", ""market_ticker"": ""KXMLBTEAMTOTAL-26JUN162140PITATH-ATH6"", ""price_dollars"": ""0.7100"", ""yes_bid_dollars"": ""0.5600"", ""yes_ask_dollars"": ""0.8800"", ""volume_fp"": ""15858.16"", ""open_interest_fp"": ""13764.28"", ""dollar_volume"": 7929, ""dollar_open_interest"": 6882, ""yes_bid_size_fp"": ""1.00"", ""yes_ask_size_fp"": ""1.00"", ""last_trade_size_fp"": ""115.94"", ""ts"": 1781669665, ""ts_ms"": 1781669665236, ""time"": ""2026-06-17T04:14:25.236433Z""}}",KXMLBTEAMTOTAL-26JUN162140PITATH,mlb,ATH,PIT,,team_total,56,88,12,44,71,15858,13764,ws_ticker
3424036,KXMLBTEAMTOTAL-26JUN162140PITATH-ATH7,2026-06-17T04:14:26.007930+00:00,,,54,63,"{""type"": ""ticker"", ""sid"": 1, ""msg"": {""market_id"": ""8810ac6d-5904-4eef-8cbe-0606fb20fea8"", ""market_ticker"": ""KXMLBTEAMTOTAL-26JUN162140PITATH-ATH7"", ""price_dollars"": ""0.3800"", ""yes_bid_dollars"": ""0.3600"", ""yes_ask_dollars"": ""0.9000"", ""volume_fp"": ""5335.68"", ""open_interest_fp"": ""4236.44"", ""dollar_volume"": 2667, ""dollar_open_interest"": 2118, ""yes_bid_size_fp"": ""1.00"", ""yes_ask_size_fp"": ""20.00"", ""last_trade_size_fp"": ""15.71"", ""ts"": 1781669664, ""ts_ms"": 1781669664979, ""time"": ""2026-06-17T04:14:24.979192Z""}}",KXMLBTEAMTOTAL-26JUN162140PITATH,mlb,ATH,PIT,,team_total,36,90,10,64,38,5335,4236,ws_ticker
3424035,KXMLBTEAMTOTAL-26JUN162140PITATH-ATH8,2026-06-17T04:14:26.007320+00:00,,,66,41,"{""type"": ""ticker"", ""sid"": 1, ""msg"": {""market_id"": ""b44f60d5-dd63-43f9-b361-9aadd408d66f"", ""market_ticker"": ""KXMLBTEAMTOTAL-26JUN162140PITATH-ATH8"", ""price_dollars"": ""0.0800"", ""yes_bid_dollars"": ""0.0800"", ""yes_ask_dollars"": ""0.7400"", ""volume_fp"": ""3101.72"", ""open_interest_fp"": ""2016.38"", ""dollar_volume"": 1550, ""dollar_open_interest"": 1008, ""yes_bid_size_fp"": ""1450.00"", ""yes_ask_size_fp"": ""1.00"", ""last_trade_size_fp"": ""158.04"", ""ts"": 1781669664, ""ts_ms"": 1781669664667, ""time"": ""2026-06-17T04:14:24.667973Z""}}",KXMLBTEAMTOTAL-26JUN162140PITATH,mlb,ATH,PIT,,team_total,8,74,26,92,8,3101,2016,ws_ticker
3424034,KXMLBTEAMTOTAL-26JUN162140PITATH-PIT7,2026-06-17T04:14:25.008255+00:00,,,51,37,"{""type"": ""ticker"", ""sid"": 1, ""msg"": {""market_id"": ""e18aec3f-027a-4ae6-93ef-a451f4d6ed8b"", ""market_ticker"": ""KXMLBTEAMTOTAL-26JUN162140PITATH-PIT7"", ""price_dollars"": ""0.6100"", ""yes_bid_dollars"": ""0.1200"", ""yes_ask_dollars"": ""0.6300"", ""volume_fp"": ""2224.22"", ""open_interest_fp"": ""2175.06"", ""dollar_volume"": 1112, ""dollar_open_interest"": 1087, ""yes_bid_size_fp"": ""16.00"", ""yes_ask_size_fp"": ""5.00"", ""last_trade_size_fp"": ""21.34"", ""ts"": 1781669664, ""ts_ms"": 1781669664541, ""time"": ""2026-06-17T04:14:24.541447Z""}}",KXMLBTEAMTOTAL-26JUN162140PITATH,mlb,ATH,PIT,,team_total,12,63,37,88,61,2224,2175,ws_ticker
3424033,KXMLBTEAMTOTAL-26JUN161915SFATL-SF8,2026-06-17T04:14:25.007771+00:00,,,57,35,"{""type"": ""ticker"", ""sid"": 1, ""msg"": {""market_id"": ""54f3b081-212a-4a24-ad23-1bf492100a8e"", ""market_ticker"": ""KXMLBTEAMTOTAL-26JUN161915SFATL-SF8"", ""price_dollars"": ""0.2000"", ""yes_bid_dollars"": ""0.0700"", ""yes_ask_dollars"": ""0.6400"", ""volume_fp"": ""5341.70"", ""open_interest_fp"": ""5341.70"", ""dollar_volume"": 2670, ""dollar_open_interest"": 2670, ""yes_bid_size_fp"": ""1.00"", ""yes_ask_size_fp"": ""3.00"", ""last_trade_size_fp"": ""1.00"", ""ts"": 1781669664, ""ts_ms"": 1781669664408, ""time"": ""2026-06-17T04:14:24.40886Z""}}",KXMLBTEAMTOTAL-26JUN161915SFATL,mlb,ATL,SF,,team_total,7,64,36,93,20,5341,5341,ws_ticker
3424032,KXMLBTEAMTOTAL-26JUN162140PITATH-ATH7,2026-06-17T04:14:25.007169+00:00,,,53,62,"{""type"": ""ticker"", ""sid"": 1, ""msg"": {""market_id"": ""8810ac6d-5904-4eef-8cbe-0606fb20fea8"", ""market_ticker"": ""KXMLBTEAMTOTAL-26JUN162140PITATH-ATH7"", ""price_dollars"": ""0.3800"", ""yes_bid_dollars"": ""0.3600"", ""yes_ask_dollars"": ""0.8900"", ""volume_fp"": ""5335.68"", ""open_interest_fp"": ""4236.44"", ""dollar_volume"": 2667, ""dollar_open_interest"": 2118, ""yes_bid_size_fp"": ""1.00"", ""yes_ask_size_fp"": ""50.00"", ""last_trade_size_fp"": ""15.71"", ""ts"": 1781669663, ""ts_ms"": 1781669663996, ""time"": ""2026-06-17T04:14:23.996686Z""}}",KXMLBTEAMTOTAL-26JUN162140PITATH,mlb,ATH,PIT,,team_total,36,89,11,64,38,5335,4236,ws_ticker
3424031,KXMLBTEAMTOTAL-26JUN161915SFATL-SF8,2026-06-17T04:14:24.008424+00:00,,,57,35,"{""type"": ""ticker"", ""sid"": 1, ""msg"": {""market_id"": ""54f3b081-212a-4a24-ad23-1bf492100a8e"", ""market_ticker"": ""KXMLBTEAMTOTAL-26JUN161915SFATL-SF8"", ""price_dollars"": ""0.2000"", ""yes_bid_dollars"": ""0.0700"", ""yes_ask_dollars"": ""0.6400"", ""volume_fp"": ""5341.70"", ""open_interest_fp"": ""5341.70"", ""dollar_volume"": 2670, ""dollar_open_interest"": 2670, ""yes_bid_size_fp"": ""3.00"", ""yes_ask_size_fp"": ""1.00"", ""last_trade_size_fp"": ""1.00"", ""ts"": 1781669663, ""ts_ms"": 1781669663292, ""time"": ""2026-06-17T04:14:23.29256Z""}}",KXMLBTEAMTOTAL-26JUN161915SFATL,mlb,ATL,SF,,team_total,7,64,36,93,20,5341,5341,ws_ticker
3424030,KXMLBTEAMTOTAL-26JUN161915SFATL-SF8,2026-06-17T04:14:23.008996+00:00,,,57,35,"{""type"": ""ticker"", ""sid"": 1, ""msg"": {""market_id"": ""54f3b081-212a-4a24-ad23-1bf492100a8e"", ""market_ticker"": ""KXMLBTEAMTOTAL-26JUN161915SFATL-SF8"", ""price_dollars"": ""0.2000"", ""yes_bid_dollars"": ""0.0700"", ""yes_ask_dollars"": ""0.6400"", ""volume_fp"": ""5341.70"", ""open_interest_fp"": ""5341.70"", ""dollar_volume"": 2670, ""dollar_open_interest"": 2670, ""yes_bid_size_fp"": ""1.00"", ""yes_ask_size_fp"": ""1.00"", ""last_trade_size_fp"": ""1.00"", ""ts"": 1781669662, ""ts_ms"": 1781669662453, ""time"": ""2026-06-17T04:14:22.453241Z""}}",KXMLBTEAMTOTAL-26JUN161915SFATL,mlb,ATL,SF,,team_total,7,64,36,93,20,5341,5341,ws_ticker
