id,market_ticker,snapped_at,yes_bids_json,yes_asks_json,spread_cents,mid_cents,raw_json,event_ticker,sport,home_team,away_team,game_pk,market_type,yes_bid,yes_ask,no_bid,no_ask,last_price,volume,open_interest,source
1729699,KXMLBTEAMTOTAL-26JUN161905CWSNYY-CWS6,2026-06-16T23:46:46.825012+00:00,,,12,22,"{""type"": ""ticker"", ""sid"": 1, ""msg"": {""market_id"": ""b5f9d764-880e-4983-806b-8a26b87a73ba"", ""market_ticker"": ""KXMLBTEAMTOTAL-26JUN161905CWSNYY-CWS6"", ""price_dollars"": ""0.2400"", ""yes_bid_dollars"": ""0.1600"", ""yes_ask_dollars"": ""0.2800"", ""volume_fp"": ""100.00"", ""open_interest_fp"": ""100.00"", ""dollar_volume"": 50, ""dollar_open_interest"": 50, ""yes_bid_size_fp"": ""2100.00"", ""yes_ask_size_fp"": ""3450.00"", ""last_trade_size_fp"": ""50.00"", ""ts"": 1781653605, ""ts_ms"": 1781653605603, ""time"": ""2026-06-16T23:46:45.603318Z""}}",KXMLBTEAMTOTAL-26JUN161905CWSNYY,mlb,NYY,CWS,,team_total,16,28,72,84,24,100,100,ws_ticker
1729698,KXMLBTEAMTOTAL-26JUN161905CWSNYY-CWS5,2026-06-16T23:46:46.824400+00:00,,,12,34,"{""type"": ""ticker"", ""sid"": 1, ""msg"": {""market_id"": ""614d37e9-ae38-4e6a-9c39-944c66326ac1"", ""market_ticker"": ""KXMLBTEAMTOTAL-26JUN161905CWSNYY-CWS5"", ""price_dollars"": ""0.3100"", ""yes_bid_dollars"": ""0.2800"", ""yes_ask_dollars"": ""0.4000"", ""volume_fp"": ""728.72"", ""open_interest_fp"": ""726.72"", ""dollar_volume"": 364, ""dollar_open_interest"": 363, ""yes_bid_size_fp"": ""2000.00"", ""yes_ask_size_fp"": ""3450.00"", ""last_trade_size_fp"": ""1.00"", ""ts"": 1781653605, ""ts_ms"": 1781653605603, ""time"": ""2026-06-16T23:46:45.603271Z""}}",KXMLBTEAMTOTAL-26JUN161905CWSNYY,mlb,NYY,CWS,,team_total,28,40,60,72,31,728,726,ws_ticker
1729697,KXMLBTEAMTOTAL-26JUN161905CWSNYY-NYY3,2026-06-16T23:46:46.823864+00:00,,,6,76,"{""type"": ""ticker"", ""sid"": 1, ""msg"": {""market_id"": ""ab859e1f-8e52-4335-aecf-97303fdbb9a1"", ""market_ticker"": ""KXMLBTEAMTOTAL-26JUN161905CWSNYY-NYY3"", ""price_dollars"": ""0.6700"", ""yes_bid_dollars"": ""0.7300"", ""yes_ask_dollars"": ""0.7900"", ""volume_fp"": ""447.80"", ""open_interest_fp"": ""447.80"", ""dollar_volume"": 223, ""dollar_open_interest"": 223, ""yes_bid_size_fp"": ""2150.00"", ""yes_ask_size_fp"": ""2400.00"", ""last_trade_size_fp"": ""50.00"", ""ts"": 1781653605, ""ts_ms"": 1781653605595, ""time"": ""2026-06-16T23:46:45.595418Z""}}",KXMLBTEAMTOTAL-26JUN161905CWSNYY,mlb,NYY,CWS,,team_total,73,79,21,27,67,447,447,ws_ticker
1729696,KXMLBTEAMTOTAL-26JUN161845TORBOS-BOS2,2026-06-16T23:46:46.823285+00:00,,,49,61,"{""type"": ""ticker"", ""sid"": 1, ""msg"": {""market_id"": ""2fbae676-1c92-4c46-932f-acdb02fcb370"", ""market_ticker"": ""KXMLBTEAMTOTAL-26JUN161845TORBOS-BOS2"", ""price_dollars"": ""0.8000"", ""yes_bid_dollars"": ""0.3700"", ""yes_ask_dollars"": ""0.8600"", ""volume_fp"": ""380.46"", ""open_interest_fp"": ""380.46"", ""dollar_volume"": 190, ""dollar_open_interest"": 190, ""yes_bid_size_fp"": ""80.00"", ""yes_ask_size_fp"": ""1.00"", ""last_trade_size_fp"": ""3.61"", ""ts"": 1781653605, ""ts_ms"": 1781653605546, ""time"": ""2026-06-16T23:46:45.54627Z""}}",KXMLBTEAMTOTAL-26JUN161845TORBOS,mlb,BOS,TOR,,team_total,37,86,14,63,80,380,380,ws_ticker
1729695,KXMLBTEAMTOTAL-26JUN161905CWSNYY-NYY5,2026-06-16T23:46:46.822748+00:00,,,7,43,"{""type"": ""ticker"", ""sid"": 1, ""msg"": {""market_id"": ""873637b3-65d3-4b50-a707-9e748133e58a"", ""market_ticker"": ""KXMLBTEAMTOTAL-26JUN161905CWSNYY-NYY5"", ""price_dollars"": ""0.4200"", ""yes_bid_dollars"": ""0.4000"", ""yes_ask_dollars"": ""0.4700"", ""volume_fp"": ""1418.14"", ""open_interest_fp"": ""1376.78"", ""dollar_volume"": 709, ""dollar_open_interest"": 688, ""yes_bid_size_fp"": ""2000.00"", ""yes_ask_size_fp"": ""2000.00"", ""last_trade_size_fp"": ""1.00"", ""ts"": 1781653605, ""ts_ms"": 1781653605535, ""time"": ""2026-06-16T23:46:45.535027Z""}}",KXMLBTEAMTOTAL-26JUN161905CWSNYY,mlb,NYY,CWS,,team_total,40,47,53,60,42,1418,1376,ws_ticker
1729694,KXMLBTEAMTOTAL-26JUN161915SFATL-SF2,2026-06-16T23:46:46.822090+00:00,,,56,65,"{""type"": ""ticker"", ""sid"": 1, ""msg"": {""market_id"": ""04299b93-3177-4757-b69a-742b3f500713"", ""market_ticker"": ""KXMLBTEAMTOTAL-26JUN161915SFATL-SF2"", ""price_dollars"": ""0.8200"", ""yes_bid_dollars"": ""0.3700"", ""yes_ask_dollars"": ""0.9300"", ""volume_fp"": ""91.26"", ""open_interest_fp"": ""91.26"", ""dollar_volume"": 45, ""dollar_open_interest"": 45, ""yes_bid_size_fp"": ""80.00"", ""yes_ask_size_fp"": ""1.00"", ""last_trade_size_fp"": ""23.00"", ""ts"": 1781653605, ""ts_ms"": 1781653605475, ""time"": ""2026-06-16T23:46:45.475488Z""}}",KXMLBTEAMTOTAL-26JUN161915SFATL,mlb,ATL,SF,,team_total,37,93,7,63,82,91,91,ws_ticker
1729692,KXMLBTEAMTOTAL-26JUN161915SFATL-ATL6,2026-06-16T23:46:46.821438+00:00,,,20,54,"{""type"": ""ticker"", ""sid"": 1, ""msg"": {""market_id"": ""5c3fbd4a-a245-4072-b740-1ddb581b88f2"", ""market_ticker"": ""KXMLBTEAMTOTAL-26JUN161915SFATL-ATL6"", ""price_dollars"": ""0.5600"", ""yes_bid_dollars"": ""0.4400"", ""yes_ask_dollars"": ""0.6400"", ""volume_fp"": ""1854.22"", ""open_interest_fp"": ""1848.22"", ""dollar_volume"": 927, ""dollar_open_interest"": 924, ""yes_bid_size_fp"": ""50.00"", ""yes_ask_size_fp"": ""1.00"", ""last_trade_size_fp"": ""80.77"", ""ts"": 1781653605, ""ts_ms"": 1781653605447, ""time"": ""2026-06-16T23:46:45.447696Z""}}",KXMLBTEAMTOTAL-26JUN161915SFATL,mlb,ATL,SF,,team_total,44,64,36,56,56,1854,1848,ws_ticker
1729690,KXMLBTEAMTOTAL-26JUN161845TORBOS-TOR4,2026-06-16T23:46:46.820789+00:00,,,23,48,"{""type"": ""ticker"", ""sid"": 1, ""msg"": {""market_id"": ""195fab34-4d60-4739-b935-58ac2a525d2f"", ""market_ticker"": ""KXMLBTEAMTOTAL-26JUN161845TORBOS-TOR4"", ""price_dollars"": ""0.7800"", ""yes_bid_dollars"": ""0.3700"", ""yes_ask_dollars"": ""0.6000"", ""volume_fp"": ""1869.08"", ""open_interest_fp"": ""1156.44"", ""dollar_volume"": 934, ""dollar_open_interest"": 578, ""yes_bid_size_fp"": ""4.26"", ""yes_ask_size_fp"": ""2950.00"", ""last_trade_size_fp"": ""4.26"", ""ts"": 1781653605, ""ts_ms"": 1781653605429, ""time"": ""2026-06-16T23:46:45.429334Z""}}",KXMLBTEAMTOTAL-26JUN161845TORBOS,mlb,BOS,TOR,,team_total,37,60,40,63,78,1869,1156,ws_ticker
1729689,KXMLBTEAMTOTAL-26JUN161905CWSNYY-CWS3,2026-06-16T23:46:46.820259+00:00,,,11,65,"{""type"": ""ticker"", ""sid"": 1, ""msg"": {""market_id"": ""100f0e53-5c97-49b6-98e3-e7c3242ad689"", ""market_ticker"": ""KXMLBTEAMTOTAL-26JUN161905CWSNYY-CWS3"", ""price_dollars"": ""0.6300"", ""yes_bid_dollars"": ""0.6000"", ""yes_ask_dollars"": ""0.7100"", ""volume_fp"": ""1140.56"", ""open_interest_fp"": ""1138.56"", ""dollar_volume"": 570, ""dollar_open_interest"": 569, ""yes_bid_size_fp"": ""2150.00"", ""yes_ask_size_fp"": ""2450.00"", ""last_trade_size_fp"": ""1.00"", ""ts"": 1781653605, ""ts_ms"": 1781653605415, ""time"": ""2026-06-16T23:46:45.415717Z""}}",KXMLBTEAMTOTAL-26JUN161905CWSNYY,mlb,NYY,CWS,,team_total,60,71,29,40,63,1140,1138,ws_ticker
1729688,KXMLBTEAMTOTAL-26JUN161845TORBOS-BOS4,2026-06-16T23:46:46.819668+00:00,,,82,52,"{""type"": ""ticker"", ""sid"": 1, ""msg"": {""market_id"": ""6333a5c9-6e9c-44f5-ab77-7ffdb173b2e9"", ""market_ticker"": ""KXMLBTEAMTOTAL-26JUN161845TORBOS-BOS4"", ""price_dollars"": ""0.9300"", ""yes_bid_dollars"": ""0.1100"", ""yes_ask_dollars"": ""0.9300"", ""volume_fp"": ""1960.50"", ""open_interest_fp"": ""1584.50"", ""dollar_volume"": 980, ""dollar_open_interest"": 792, ""yes_bid_size_fp"": ""7.00"", ""yes_ask_size_fp"": ""0.77"", ""last_trade_size_fp"": ""0.23"", ""ts"": 1781653605, ""ts_ms"": 1781653605385, ""time"": ""2026-06-16T23:46:45.385204Z""}}",KXMLBTEAMTOTAL-26JUN161845TORBOS,mlb,BOS,TOR,,team_total,11,93,7,89,93,1960,1584,ws_ticker
1729687,KXMLBTEAMTOTAL-26JUN161915SFATL-SF4,2026-06-16T23:46:46.819087+00:00,,,50,61,"{""type"": ""ticker"", ""sid"": 1, ""msg"": {""market_id"": ""0236e39d-1e7b-4e4f-8a90-af7cbc573aed"", ""market_ticker"": ""KXMLBTEAMTOTAL-26JUN161915SFATL-SF4"", ""price_dollars"": ""0.7400"", ""yes_bid_dollars"": ""0.3600"", ""yes_ask_dollars"": ""0.8600"", ""volume_fp"": ""11243.90"", ""open_interest_fp"": ""11131.90"", ""dollar_volume"": 5621, ""dollar_open_interest"": 5565, ""yes_bid_size_fp"": ""1.00"", ""yes_ask_size_fp"": ""1.00"", ""last_trade_size_fp"": ""1.00"", ""ts"": 1781653605, ""ts_ms"": 1781653605337, ""time"": ""2026-06-16T23:46:45.337261Z""}}",KXMLBTEAMTOTAL-26JUN161915SFATL,mlb,ATL,SF,,team_total,36,86,14,64,74,11243,11131,ws_ticker
1729686,KXMLBTEAMTOTAL-26JUN161915SFATL-SF5,2026-06-16T23:46:46.818472+00:00,,,53,37,"{""type"": ""ticker"", ""sid"": 1, ""msg"": {""market_id"": ""c91102b5-7410-41c4-898e-e21717edff4a"", ""market_ticker"": ""KXMLBTEAMTOTAL-26JUN161915SFATL-SF5"", ""price_dollars"": ""0.5400"", ""yes_bid_dollars"": ""0.1100"", ""yes_ask_dollars"": ""0.6400"", ""volume_fp"": ""102.00"", ""open_interest_fp"": ""100.00"", ""dollar_volume"": 51, ""dollar_open_interest"": 50, ""yes_bid_size_fp"": ""450.00"", ""yes_ask_size_fp"": ""1.00"", ""last_trade_size_fp"": ""1.00"", ""ts"": 1781653605, ""ts_ms"": 1781653605303, ""time"": ""2026-06-16T23:46:45.303337Z""}}",KXMLBTEAMTOTAL-26JUN161915SFATL,mlb,ATL,SF,,team_total,11,64,36,89,54,102,100,ws_ticker
1729685,KXMLBTEAMTOTAL-26JUN161910NYMCIN-NYM5,2026-06-16T23:46:46.817817+00:00,,,8,40,"{""type"": ""ticker"", ""sid"": 1, ""msg"": {""market_id"": ""a709f2b5-1e42-45a4-810b-86da9db8fbbe"", ""market_ticker"": ""KXMLBTEAMTOTAL-26JUN161910NYMCIN-NYM5"", ""price_dollars"": ""0.3700"", ""yes_bid_dollars"": ""0.3600"", ""yes_ask_dollars"": ""0.4400"", ""volume_fp"": ""25201.78"", ""open_interest_fp"": ""25094.68"", ""dollar_volume"": 12600, ""dollar_open_interest"": 12547, ""yes_bid_size_fp"": ""1.00"", ""yes_ask_size_fp"": ""5.00"", ""last_trade_size_fp"": ""28.39"", ""ts"": 1781653605, ""ts_ms"": 1781653605298, ""time"": ""2026-06-16T23:46:45.298548Z""}}",KXMLBTEAMTOTAL-26JUN161910NYMCIN,mlb,CIN,NYM,,team_total,36,44,56,64,37,25201,25094,ws_ticker
1729684,KXMLBTEAMTOTAL-26JUN161905CWSNYY-NYY6,2026-06-16T23:46:46.817311+00:00,,,36,44,"{""type"": ""ticker"", ""sid"": 1, ""msg"": {""market_id"": ""9f1e3c71-9716-4070-8caa-7786953836b4"", ""market_ticker"": ""KXMLBTEAMTOTAL-26JUN161905CWSNYY-NYY6"", ""price_dollars"": ""0.2700"", ""yes_bid_dollars"": ""0.2600"", ""yes_ask_dollars"": ""0.6200"", ""volume_fp"": ""321.12"", ""open_interest_fp"": ""319.12"", ""dollar_volume"": 160, ""dollar_open_interest"": 159, ""yes_bid_size_fp"": ""2100.00"", ""yes_ask_size_fp"": ""3450.00"", ""last_trade_size_fp"": ""1.00"", ""ts"": 1781653605, ""ts_ms"": 1781653605289, ""time"": ""2026-06-16T23:46:45.289858Z""}}",KXMLBTEAMTOTAL-26JUN161905CWSNYY,mlb,NYY,CWS,,team_total,26,62,38,74,27,321,319,ws_ticker
1729683,KXMLBTEAMTOTAL-26JUN161840MIAPHI-MIA7,2026-06-16T23:46:46.816661+00:00,,,13,13,"{""type"": ""ticker"", ""sid"": 1, ""msg"": {""market_id"": ""de4caa2d-dc1f-47a6-9fc2-2bb6fa11d109"", ""market_ticker"": ""KXMLBTEAMTOTAL-26JUN161840MIAPHI-MIA7"", ""price_dollars"": ""0.1700"", ""yes_bid_dollars"": ""0.0700"", ""yes_ask_dollars"": ""0.2000"", ""volume_fp"": ""3066.00"", ""open_interest_fp"": ""2768.00"", ""dollar_volume"": 1533, ""dollar_open_interest"": 1384, ""yes_bid_size_fp"": ""1.00"", ""yes_ask_size_fp"": ""2950.00"", ""last_trade_size_fp"": ""12.00"", ""ts"": 1781653605, ""ts_ms"": 1781653605255, ""time"": ""2026-06-16T23:46:45.255744Z""}}",KXMLBTEAMTOTAL-26JUN161840MIAPHI,mlb,PHI,MIA,,team_total,7,20,80,93,17,3066,2768,ws_ticker
1729682,KXMLBTEAMTOTAL-26JUN161905CWSNYY-NYY8,2026-06-16T23:46:46.816073+00:00,,,3,11,"{""type"": ""ticker"", ""sid"": 1, ""msg"": {""market_id"": ""e19c2b76-692e-4458-8fa7-6947105cf927"", ""market_ticker"": ""KXMLBTEAMTOTAL-26JUN161905CWSNYY-NYY8"", ""price_dollars"": ""0.1000"", ""yes_bid_dollars"": ""0.1000"", ""yes_ask_dollars"": ""0.1300"", ""volume_fp"": ""443.82"", ""open_interest_fp"": ""441.82"", ""dollar_volume"": 221, ""dollar_open_interest"": 220, ""yes_bid_size_fp"": ""2100.00"", ""yes_ask_size_fp"": ""550.00"", ""last_trade_size_fp"": ""1.00"", ""ts"": 1781653605, ""ts_ms"": 1781653605254, ""time"": ""2026-06-16T23:46:45.254913Z""}}",KXMLBTEAMTOTAL-26JUN161905CWSNYY,mlb,NYY,CWS,,team_total,10,13,87,90,10,443,441,ws_ticker
1729681,KXMLBTEAMTOTAL-26JUN161910NYMCIN-CIN5,2026-06-16T23:46:46.815617+00:00,,,41,70,"{""type"": ""ticker"", ""sid"": 1, ""msg"": {""market_id"": ""cd426834-fad1-4653-9644-cf66cc1e0ad8"", ""market_ticker"": ""KXMLBTEAMTOTAL-26JUN161910NYMCIN-CIN5"", ""price_dollars"": ""0.8600"", ""yes_bid_dollars"": ""0.5000"", ""yes_ask_dollars"": ""0.9100"", ""volume_fp"": ""6821.24"", ""open_interest_fp"": ""6815.24"", ""dollar_volume"": 3410, ""dollar_open_interest"": 3407, ""yes_bid_size_fp"": ""450.00"", ""yes_ask_size_fp"": ""1.00"", ""last_trade_size_fp"": ""1.00"", ""ts"": 1781653605, ""ts_ms"": 1781653605118, ""time"": ""2026-06-16T23:46:45.118833Z""}}",KXMLBTEAMTOTAL-26JUN161910NYMCIN,mlb,CIN,NYM,,team_total,50,91,9,50,86,6821,6815,ws_ticker
1729680,KXMLBTEAMTOTAL-26JUN161915SFATL-SF3,2026-06-16T23:46:46.815053+00:00,,,34,69,"{""type"": ""ticker"", ""sid"": 1, ""msg"": {""market_id"": ""9e11e7ae-5ab0-4e63-8cfb-b2a89561da5c"", ""market_ticker"": ""KXMLBTEAMTOTAL-26JUN161915SFATL-SF3"", ""price_dollars"": ""0.6800"", ""yes_bid_dollars"": ""0.5200"", ""yes_ask_dollars"": ""0.8600"", ""volume_fp"": ""80.00"", ""open_interest_fp"": ""80.00"", ""dollar_volume"": 40, ""dollar_open_interest"": 40, ""yes_bid_size_fp"": ""450.00"", ""yes_ask_size_fp"": ""1.00"", ""last_trade_size_fp"": ""30.00"", ""ts"": 1781653605, ""ts_ms"": 1781653605091, ""time"": ""2026-06-16T23:46:45.091786Z""}}",KXMLBTEAMTOTAL-26JUN161915SFATL,mlb,ATL,SF,,team_total,52,86,14,48,68,80,80,ws_ticker
1729679,KXMLBTEAMTOTAL-26JUN161905CWSNYY-NYY7,2026-06-16T23:46:46.814536+00:00,,,4,18,"{""type"": ""ticker"", ""sid"": 1, ""msg"": {""market_id"": ""b9fbcf07-c64b-48aa-82dd-0abbbecab468"", ""market_ticker"": ""KXMLBTEAMTOTAL-26JUN161905CWSNYY-NYY7"", ""price_dollars"": ""0.2200"", ""yes_bid_dollars"": ""0.1600"", ""yes_ask_dollars"": ""0.2000"", ""volume_fp"": ""90.50"", ""open_interest_fp"": ""90.50"", ""dollar_volume"": 45, ""dollar_open_interest"": 45, ""yes_bid_size_fp"": ""2150.00"", ""yes_ask_size_fp"": ""2050.00"", ""last_trade_size_fp"": ""2.15"", ""ts"": 1781653605, ""ts_ms"": 1781653605050, ""time"": ""2026-06-16T23:46:45.050464Z""}}",KXMLBTEAMTOTAL-26JUN161905CWSNYY,mlb,NYY,CWS,,team_total,16,20,80,84,22,90,90,ws_ticker
1729678,KXMLBTEAMTOTAL-26JUN161905CWSNYY-CWS4,2026-06-16T23:46:46.814001+00:00,,,10,49,"{""type"": ""ticker"", ""sid"": 1, ""msg"": {""market_id"": ""1856da41-1293-4dee-b113-11f31adf4d84"", ""market_ticker"": ""KXMLBTEAMTOTAL-26JUN161905CWSNYY-CWS4"", ""price_dollars"": ""0.6200"", ""yes_bid_dollars"": ""0.4400"", ""yes_ask_dollars"": ""0.5400"", ""volume_fp"": ""6378.62"", ""open_interest_fp"": ""6339.98"", ""dollar_volume"": 3189, ""dollar_open_interest"": 3169, ""yes_bid_size_fp"": ""2000.00"", ""yes_ask_size_fp"": ""3450.00"", ""last_trade_size_fp"": ""31.48"", ""ts"": 1781653605, ""ts_ms"": 1781653605049, ""time"": ""2026-06-16T23:46:45.049007Z""}}",KXMLBTEAMTOTAL-26JUN161905CWSNYY,mlb,NYY,CWS,,team_total,44,54,46,56,62,6378,6339,ws_ticker
1729463,KXMLBF5SPREAD-26JUN122215CHCSF-CHC2,2026-06-16T23:46:44.857079+00:00,[],[],2,97,"{""orderbook"": {""orderbook_fp"": {""no_dollars"": [], ""yes_dollars"": []}}}",KXMLBF5SPREAD-26JUN122215CHCSF,mlb,SF,CHC,,f5_spread,96,98,,,96,,,rest_batch
1729464,KXMLBF5SPREAD-26JUN122215CHCSF-CHC3,2026-06-16T23:46:44.857079+00:00,[],[],2,95,"{""orderbook"": {""orderbook_fp"": {""no_dollars"": [], ""yes_dollars"": []}}}",KXMLBF5SPREAD-26JUN122215CHCSF,mlb,SF,CHC,,f5_spread,94,96,,,95,,,rest_batch
1729465,KXMLBF5SPREAD-26JUN122215CHCSF-SF2,2026-06-16T23:46:44.857079+00:00,[],[],,,"{""orderbook"": {""orderbook_fp"": {""no_dollars"": [], ""yes_dollars"": []}}}",KXMLBF5SPREAD-26JUN122215CHCSF,mlb,SF,CHC,,f5_spread,,1,,,1,,,rest_batch
1729466,KXMLBF5SPREAD-26JUN122215CHCSF-SF3,2026-06-16T23:46:44.857079+00:00,[],[],,,"{""orderbook"": {""orderbook_fp"": {""no_dollars"": [], ""yes_dollars"": []}}}",KXMLBF5SPREAD-26JUN122215CHCSF,mlb,SF,CHC,,f5_spread,,1,,,1,,,rest_batch
1729467,KXMLBF5SPREAD-26JUN131410STLMIN-MIN2,2026-06-16T23:46:44.857079+00:00,[],[],2,30,"{""orderbook"": {""orderbook_fp"": {""no_dollars"": [], ""yes_dollars"": []}}}",KXMLBF5SPREAD-26JUN131410STLMIN,mlb,MIN,STL,,f5_spread,29,31,,,,,,rest_batch
1729468,KXMLBF5SPREAD-26JUN131410STLMIN-MIN3,2026-06-16T23:46:44.857079+00:00,[],[],2,20,"{""orderbook"": {""orderbook_fp"": {""no_dollars"": [], ""yes_dollars"": []}}}",KXMLBF5SPREAD-26JUN131410STLMIN,mlb,MIN,STL,,f5_spread,19,21,,,,,,rest_batch
1729469,KXMLBF5SPREAD-26JUN131410STLMIN-STL2,2026-06-16T23:46:44.857079+00:00,[],[],2,28,"{""orderbook"": {""orderbook_fp"": {""no_dollars"": [], ""yes_dollars"": []}}}",KXMLBF5SPREAD-26JUN131410STLMIN,mlb,MIN,STL,,f5_spread,27,29,,,,,,rest_batch
1729470,KXMLBF5SPREAD-26JUN131410STLMIN-STL3,2026-06-16T23:46:44.857079+00:00,[],[],3,18,"{""orderbook"": {""orderbook_fp"": {""no_dollars"": [], ""yes_dollars"": []}}}",KXMLBF5SPREAD-26JUN131410STLMIN,mlb,MIN,STL,,f5_spread,17,20,,,,,,rest_batch
1729471,KXMLBF5SPREAD-26JUN131507NYYTOR-NYY2,2026-06-16T23:46:44.857079+00:00,[],[],2,30,"{""orderbook"": {""orderbook_fp"": {""no_dollars"": [], ""yes_dollars"": []}}}",KXMLBF5SPREAD-26JUN131507NYYTOR,mlb,TOR,NYY,,f5_spread,29,31,,,,,,rest_batch
1729472,KXMLBF5SPREAD-26JUN131507NYYTOR-NYY3,2026-06-16T23:46:44.857079+00:00,[],[],2,20,"{""orderbook"": {""orderbook_fp"": {""no_dollars"": [], ""yes_dollars"": []}}}",KXMLBF5SPREAD-26JUN131507NYYTOR,mlb,TOR,NYY,,f5_spread,19,21,,,,,,rest_batch
1729473,KXMLBF5SPREAD-26JUN131507NYYTOR-TOR2,2026-06-16T23:46:44.857079+00:00,[],[],2,25,"{""orderbook"": {""orderbook_fp"": {""no_dollars"": [], ""yes_dollars"": []}}}",KXMLBF5SPREAD-26JUN131507NYYTOR,mlb,TOR,NYY,,f5_spread,24,26,,,,,,rest_batch
1729474,KXMLBF5SPREAD-26JUN131507NYYTOR-TOR3,2026-06-16T23:46:44.857079+00:00,[],[],2,15,"{""orderbook"": {""orderbook_fp"": {""no_dollars"": [], ""yes_dollars"": []}}}",KXMLBF5SPREAD-26JUN131507NYYTOR,mlb,TOR,NYY,,f5_spread,14,16,,,13,,,rest_batch
1729475,KXMLBF5SPREAD-26JUN131605SDBAL-BAL2,2026-06-16T23:46:44.857079+00:00,[],[],2,35,"{""orderbook"": {""orderbook_fp"": {""no_dollars"": [], ""yes_dollars"": []}}}",KXMLBF5SPREAD-26JUN131605SDBAL,mlb,BAL,SD,,f5_spread,34,36,,,,,,rest_batch
1729476,KXMLBF5SPREAD-26JUN131605SDBAL-BAL3,2026-06-16T23:46:44.857079+00:00,[],[],2,25,"{""orderbook"": {""orderbook_fp"": {""no_dollars"": [], ""yes_dollars"": []}}}",KXMLBF5SPREAD-26JUN131605SDBAL,mlb,BAL,SD,,f5_spread,24,26,,,,,,rest_batch
1729477,KXMLBF5SPREAD-26JUN131605SDBAL-SD2,2026-06-16T23:46:44.857079+00:00,[],[],2,27,"{""orderbook"": {""orderbook_fp"": {""no_dollars"": [], ""yes_dollars"": []}}}",KXMLBF5SPREAD-26JUN131605SDBAL,mlb,BAL,SD,,f5_spread,26,28,,,,,,rest_batch
1729478,KXMLBF5SPREAD-26JUN131605SDBAL-SD3,2026-06-16T23:46:44.857079+00:00,[],[],3,18,"{""orderbook"": {""orderbook_fp"": {""no_dollars"": [], ""yes_dollars"": []}}}",KXMLBF5SPREAD-26JUN131605SDBAL,mlb,BAL,SD,,f5_spread,17,20,,,,,,rest_batch
1729479,KXMLBF5SPREAD-26JUN131605SEAWSH-SEA2,2026-06-16T23:46:44.857079+00:00,[],[],2,27,"{""orderbook"": {""orderbook_fp"": {""no_dollars"": [], ""yes_dollars"": []}}}",KXMLBF5SPREAD-26JUN131605SEAWSH,mlb,WSH,SEA,,f5_spread,26,28,,,,,,rest_batch
1729480,KXMLBF5SPREAD-26JUN131605SEAWSH-SEA3,2026-06-16T23:46:44.857079+00:00,[],[],3,17,"{""orderbook"": {""orderbook_fp"": {""no_dollars"": [], ""yes_dollars"": []}}}",KXMLBF5SPREAD-26JUN131605SEAWSH,mlb,WSH,SEA,,f5_spread,16,19,,,,,,rest_batch
1729481,KXMLBF5SPREAD-26JUN131605SEAWSH-WSH2,2026-06-16T23:46:44.857079+00:00,[],[],4,30,"{""orderbook"": {""orderbook_fp"": {""no_dollars"": [], ""yes_dollars"": []}}}",KXMLBF5SPREAD-26JUN131605SEAWSH,mlb,WSH,SEA,,f5_spread,28,32,,,,,,rest_batch
1729482,KXMLBF5SPREAD-26JUN131605SEAWSH-WSH3,2026-06-16T23:46:44.857079+00:00,[],[],7,18,"{""orderbook"": {""orderbook_fp"": {""no_dollars"": [], ""yes_dollars"": []}}}",KXMLBF5SPREAD-26JUN131605SEAWSH,mlb,WSH,SEA,,f5_spread,15,22,,,,,,rest_batch
1729483,KXMLBF5SPREAD-26JUN131610ATLNYM-ATL2,2026-06-16T23:46:44.857079+00:00,[],[],36,38,"{""orderbook"": {""orderbook_fp"": {""no_dollars"": [], ""yes_dollars"": []}}}",KXMLBF5SPREAD-26JUN131610ATLNYM,mlb,NYM,ATL,,f5_spread,20,56,,,,,,rest_batch
1729484,KXMLBF5SPREAD-26JUN131610ATLNYM-ATL3,2026-06-16T23:46:44.857079+00:00,[],[],37,29,"{""orderbook"": {""orderbook_fp"": {""no_dollars"": [], ""yes_dollars"": []}}}",KXMLBF5SPREAD-26JUN131610ATLNYM,mlb,NYM,ATL,,f5_spread,11,48,,,,,,rest_batch
1729485,KXMLBF5SPREAD-26JUN131610ATLNYM-NYM2,2026-06-16T23:46:44.857079+00:00,[],[],35,38,"{""orderbook"": {""orderbook_fp"": {""no_dollars"": [], ""yes_dollars"": []}}}",KXMLBF5SPREAD-26JUN131610ATLNYM,mlb,NYM,ATL,,f5_spread,21,56,,,,,,rest_batch
1729486,KXMLBF5SPREAD-26JUN131610ATLNYM-NYM3,2026-06-16T23:46:44.857079+00:00,[],[],46,33,"{""orderbook"": {""orderbook_fp"": {""no_dollars"": [], ""yes_dollars"": []}}}",KXMLBF5SPREAD-26JUN131610ATLNYM,mlb,NYM,ATL,,f5_spread,10,56,,,,,,rest_batch
1729487,KXMLBF5SPREAD-26JUN131610AZCIN-AZ2,2026-06-16T23:46:44.857079+00:00,[],[],2,35,"{""orderbook"": {""orderbook_fp"": {""no_dollars"": [], ""yes_dollars"": []}}}",KXMLBF5SPREAD-26JUN131610AZCIN,mlb,CIN,AZ,,f5_spread,34,36,,,36,,,rest_batch
1729488,KXMLBF5SPREAD-26JUN131610AZCIN-AZ3,2026-06-16T23:46:44.857079+00:00,[],[],4,25,"{""orderbook"": {""orderbook_fp"": {""no_dollars"": [], ""yes_dollars"": []}}}",KXMLBF5SPREAD-26JUN131610AZCIN,mlb,CIN,AZ,,f5_spread,23,27,,,,,,rest_batch
1729489,KXMLBF5SPREAD-26JUN131610AZCIN-CIN2,2026-06-16T23:46:44.857079+00:00,[],[],2,25,"{""orderbook"": {""orderbook_fp"": {""no_dollars"": [], ""yes_dollars"": []}}}",KXMLBF5SPREAD-26JUN131610AZCIN,mlb,CIN,AZ,,f5_spread,24,26,,,,,,rest_batch
1729490,KXMLBF5SPREAD-26JUN131610AZCIN-CIN3,2026-06-16T23:46:44.857079+00:00,[],[],2,16,"{""orderbook"": {""orderbook_fp"": {""no_dollars"": [], ""yes_dollars"": []}}}",KXMLBF5SPREAD-26JUN131610AZCIN,mlb,CIN,AZ,,f5_spread,15,17,,,,,,rest_batch
1729491,KXMLBF5SPREAD-26JUN131610DETCLE-CLE2,2026-06-16T23:46:44.857079+00:00,[],[],3,20,"{""orderbook"": {""orderbook_fp"": {""no_dollars"": [], ""yes_dollars"": []}}}",KXMLBF5SPREAD-26JUN131610DETCLE,mlb,CLE,DET,,f5_spread,19,22,,,,,,rest_batch
1729492,KXMLBF5SPREAD-26JUN131610DETCLE-CLE3,2026-06-16T23:46:44.857079+00:00,[],[],9,10,"{""orderbook"": {""orderbook_fp"": {""no_dollars"": [], ""yes_dollars"": []}}}",KXMLBF5SPREAD-26JUN131610DETCLE,mlb,CLE,DET,,f5_spread,6,15,,,,,,rest_batch
1729493,KXMLBF5SPREAD-26JUN131610DETCLE-DET2,2026-06-16T23:46:44.857079+00:00,[],[],2,35,"{""orderbook"": {""orderbook_fp"": {""no_dollars"": [], ""yes_dollars"": []}}}",KXMLBF5SPREAD-26JUN131610DETCLE,mlb,CLE,DET,,f5_spread,34,36,,,,,,rest_batch
1729494,KXMLBF5SPREAD-26JUN131610DETCLE-DET3,2026-06-16T23:46:44.857079+00:00,[],[],2,24,"{""orderbook"": {""orderbook_fp"": {""no_dollars"": [], ""yes_dollars"": []}}}",KXMLBF5SPREAD-26JUN131610DETCLE,mlb,CLE,DET,,f5_spread,23,25,,,,,,rest_batch
1729495,KXMLBF5SPREAD-26JUN131610LADCWS-CWS2,2026-06-16T23:46:44.857079+00:00,[],[],2,18,"{""orderbook"": {""orderbook_fp"": {""no_dollars"": [], ""yes_dollars"": []}}}",KXMLBF5SPREAD-26JUN131610LADCWS,mlb,CWS,LAD,,f5_spread,17,19,,,,,,rest_batch
1729496,KXMLBF5SPREAD-26JUN131610LADCWS-CWS3,2026-06-16T23:46:44.857079+00:00,[],[],6,12,"{""orderbook"": {""orderbook_fp"": {""no_dollars"": [], ""yes_dollars"": []}}}",KXMLBF5SPREAD-26JUN131610LADCWS,mlb,CWS,LAD,,f5_spread,9,15,,,,,,rest_batch
1729497,KXMLBF5SPREAD-26JUN131610LADCWS-LAD2,2026-06-16T23:46:44.857079+00:00,[],[],3,39,"{""orderbook"": {""orderbook_fp"": {""no_dollars"": [], ""yes_dollars"": []}}}",KXMLBF5SPREAD-26JUN131610LADCWS,mlb,CWS,LAD,,f5_spread,38,41,,,30,,,rest_batch
1729498,KXMLBF5SPREAD-26JUN131610LADCWS-LAD3,2026-06-16T23:46:44.857079+00:00,[],[],3,27,"{""orderbook"": {""orderbook_fp"": {""no_dollars"": [], ""yes_dollars"": []}}}",KXMLBF5SPREAD-26JUN131610LADCWS,mlb,CWS,LAD,,f5_spread,26,29,,,,,,rest_batch
1729499,KXMLBF5SPREAD-26JUN131610TEXBOS-BOS2,2026-06-16T23:46:44.857079+00:00,[],[],2,28,"{""orderbook"": {""orderbook_fp"": {""no_dollars"": [], ""yes_dollars"": []}}}",KXMLBF5SPREAD-26JUN131610TEXBOS,mlb,BOS,TEX,,f5_spread,27,29,,,,,,rest_batch
1729500,KXMLBF5SPREAD-26JUN131610TEXBOS-BOS3,2026-06-16T23:46:44.857079+00:00,[],[],2,18,"{""orderbook"": {""orderbook_fp"": {""no_dollars"": [], ""yes_dollars"": []}}}",KXMLBF5SPREAD-26JUN131610TEXBOS,mlb,BOS,TEX,,f5_spread,17,19,,,,,,rest_batch
1729501,KXMLBF5SPREAD-26JUN131610TEXBOS-TEX2,2026-06-16T23:46:44.857079+00:00,[],[],2,27,"{""orderbook"": {""orderbook_fp"": {""no_dollars"": [], ""yes_dollars"": []}}}",KXMLBF5SPREAD-26JUN131610TEXBOS,mlb,BOS,TEX,,f5_spread,26,28,,,,,,rest_batch
1729502,KXMLBF5SPREAD-26JUN131610TEXBOS-TEX3,2026-06-16T23:46:44.857079+00:00,[],[],2,17,"{""orderbook"": {""orderbook_fp"": {""no_dollars"": [], ""yes_dollars"": []}}}",KXMLBF5SPREAD-26JUN131610TEXBOS,mlb,BOS,TEX,,f5_spread,16,18,,,,,,rest_batch
1729503,KXMLBF5SPREAD-26JUN131910HOUKC-HOU2,2026-06-16T23:46:44.857079+00:00,[],[],2,26,"{""orderbook"": {""orderbook_fp"": {""no_dollars"": [], ""yes_dollars"": []}}}",KXMLBF5SPREAD-26JUN131910HOUKC,mlb,KC,HOU,,f5_spread,25,27,,,,,,rest_batch
1729504,KXMLBF5SPREAD-26JUN131910HOUKC-HOU3,2026-06-16T23:46:44.857079+00:00,[],[],3,17,"{""orderbook"": {""orderbook_fp"": {""no_dollars"": [], ""yes_dollars"": []}}}",KXMLBF5SPREAD-26JUN131910HOUKC,mlb,KC,HOU,,f5_spread,16,19,,,,,,rest_batch
1729505,KXMLBF5SPREAD-26JUN131910HOUKC-KC2,2026-06-16T23:46:44.857079+00:00,[],[],2,33,"{""orderbook"": {""orderbook_fp"": {""no_dollars"": [], ""yes_dollars"": []}}}",KXMLBF5SPREAD-26JUN131910HOUKC,mlb,KC,HOU,,f5_spread,32,34,,,,,,rest_batch
1729506,KXMLBF5SPREAD-26JUN131910HOUKC-KC3,2026-06-16T23:46:44.857079+00:00,[],[],2,22,"{""orderbook"": {""orderbook_fp"": {""no_dollars"": [], ""yes_dollars"": []}}}",KXMLBF5SPREAD-26JUN131910HOUKC,mlb,KC,HOU,,f5_spread,21,23,,,,,,rest_batch
1729507,KXMLBF5SPREAD-26JUN131910PHIMIL-MIL2,2026-06-16T23:46:44.857079+00:00,[],[],2,33,"{""orderbook"": {""orderbook_fp"": {""no_dollars"": [], ""yes_dollars"": []}}}",KXMLBF5SPREAD-26JUN131910PHIMIL,mlb,MIL,PHI,,f5_spread,32,34,,,,,,rest_batch
1729508,KXMLBF5SPREAD-26JUN131910PHIMIL-MIL3,2026-06-16T23:46:44.857079+00:00,[],[],3,22,"{""orderbook"": {""orderbook_fp"": {""no_dollars"": [], ""yes_dollars"": []}}}",KXMLBF5SPREAD-26JUN131910PHIMIL,mlb,MIL,PHI,,f5_spread,21,24,,,,,,rest_batch
1729509,KXMLBF5SPREAD-26JUN131910PHIMIL-PHI2,2026-06-16T23:46:44.857079+00:00,[],[],2,26,"{""orderbook"": {""orderbook_fp"": {""no_dollars"": [], ""yes_dollars"": []}}}",KXMLBF5SPREAD-26JUN131910PHIMIL,mlb,MIL,PHI,,f5_spread,25,27,,,,,,rest_batch
1729510,KXMLBF5SPREAD-26JUN131910PHIMIL-PHI3,2026-06-16T23:46:44.857079+00:00,[],[],2,16,"{""orderbook"": {""orderbook_fp"": {""no_dollars"": [], ""yes_dollars"": []}}}",KXMLBF5SPREAD-26JUN131910PHIMIL,mlb,MIL,PHI,,f5_spread,15,17,,,,,,rest_batch
1729511,KXMLBF5SPREAD-26JUN132205CHCSF-CHC2,2026-06-16T23:46:44.857079+00:00,[],[],3,31,"{""orderbook"": {""orderbook_fp"": {""no_dollars"": [], ""yes_dollars"": []}}}",KXMLBF5SPREAD-26JUN132205CHCSF,mlb,SF,CHC,,f5_spread,30,33,,,,,,rest_batch
1729512,KXMLBF5SPREAD-26JUN132205CHCSF-CHC3,2026-06-16T23:46:44.857079+00:00,[],[],3,20,"{""orderbook"": {""orderbook_fp"": {""no_dollars"": [], ""yes_dollars"": []}}}",KXMLBF5SPREAD-26JUN132205CHCSF,mlb,SF,CHC,,f5_spread,19,22,,,,,,rest_batch
1729513,KXMLBF5SPREAD-26JUN132205CHCSF-SF2,2026-06-16T23:46:44.857079+00:00,[],[],1,24,"{""orderbook"": {""orderbook_fp"": {""no_dollars"": [], ""yes_dollars"": []}}}",KXMLBF5SPREAD-26JUN132205CHCSF,mlb,SF,CHC,,f5_spread,24,25,,,31,,,rest_batch
1729514,KXMLBF5SPREAD-26JUN132205CHCSF-SF3,2026-06-16T23:46:44.857079+00:00,[],[],3,15,"{""orderbook"": {""orderbook_fp"": {""no_dollars"": [], ""yes_dollars"": []}}}",KXMLBF5SPREAD-26JUN132205CHCSF,mlb,SF,CHC,,f5_spread,14,17,,,,,,rest_batch
1729515,KXMLBF5SPREAD-26JUN132205COLATH-ATH2,2026-06-16T23:46:44.857079+00:00,[],[],2,42,"{""orderbook"": {""orderbook_fp"": {""no_dollars"": [], ""yes_dollars"": []}}}",KXMLBF5SPREAD-26JUN132205COLATH,mlb,ATH,COL,,f5_spread,41,43,,,,,,rest_batch
1729516,KXMLBF5SPREAD-26JUN132205COLATH-ATH3,2026-06-16T23:46:44.857079+00:00,[],[],2,31,"{""orderbook"": {""orderbook_fp"": {""no_dollars"": [], ""yes_dollars"": []}}}",KXMLBF5SPREAD-26JUN132205COLATH,mlb,ATH,COL,,f5_spread,30,32,,,,,,rest_batch
1729517,KXMLBF5SPREAD-26JUN132205COLATH-COL2,2026-06-16T23:46:44.857079+00:00,[],[],1,27,"{""orderbook"": {""orderbook_fp"": {""no_dollars"": [], ""yes_dollars"": []}}}",KXMLBF5SPREAD-26JUN132205COLATH,mlb,ATH,COL,,f5_spread,27,28,,,,,,rest_batch
1729518,KXMLBF5SPREAD-26JUN132205COLATH-COL3,2026-06-16T23:46:44.857079+00:00,[],[],14,13,"{""orderbook"": {""orderbook_fp"": {""no_dollars"": [], ""yes_dollars"": []}}}",KXMLBF5SPREAD-26JUN132205COLATH,mlb,ATH,COL,,f5_spread,6,20,,,,,,rest_batch
1729519,KXMLBF5SPREAD-26JUN141215MIAPIT-MIA2,2026-06-16T23:46:44.857079+00:00,[],[],1,18,"{""orderbook"": {""orderbook_fp"": {""no_dollars"": [], ""yes_dollars"": []}}}",KXMLBF5SPREAD-26JUN141215MIAPIT,mlb,PIT,MIA,,f5_spread,18,19,,,18,,,rest_batch
1729520,KXMLBF5SPREAD-26JUN141215MIAPIT-MIA3,2026-06-16T23:46:44.857079+00:00,[],[],6,11,"{""orderbook"": {""orderbook_fp"": {""no_dollars"": [], ""yes_dollars"": []}}}",KXMLBF5SPREAD-26JUN141215MIAPIT,mlb,PIT,MIA,,f5_spread,8,14,,,7,,,rest_batch
1729521,KXMLBF5SPREAD-26JUN141215MIAPIT-PIT2,2026-06-16T23:46:44.857079+00:00,[],[],2,34,"{""orderbook"": {""orderbook_fp"": {""no_dollars"": [], ""yes_dollars"": []}}}",KXMLBF5SPREAD-26JUN141215MIAPIT,mlb,PIT,MIA,,f5_spread,33,35,,,35,,,rest_batch
1729522,KXMLBF5SPREAD-26JUN141215MIAPIT-PIT3,2026-06-16T23:46:44.857079+00:00,[],[],3,22,"{""orderbook"": {""orderbook_fp"": {""no_dollars"": [], ""yes_dollars"": []}}}",KXMLBF5SPREAD-26JUN141215MIAPIT,mlb,PIT,MIA,,f5_spread,21,24,,,24,,,rest_batch
1729523,KXMLBF5SPREAD-26JUN141335SDBAL-BAL2,2026-06-16T23:46:44.857079+00:00,[],[],1,36,"{""orderbook"": {""orderbook_fp"": {""no_dollars"": [], ""yes_dollars"": []}}}",KXMLBF5SPREAD-26JUN141335SDBAL,mlb,BAL,SD,,f5_spread,36,37,,,36,,,rest_batch
1729524,KXMLBF5SPREAD-26JUN141335SDBAL-BAL3,2026-06-16T23:46:44.857079+00:00,[],[],2,26,"{""orderbook"": {""orderbook_fp"": {""no_dollars"": [], ""yes_dollars"": []}}}",KXMLBF5SPREAD-26JUN141335SDBAL,mlb,BAL,SD,,f5_spread,25,27,,,24,,,rest_batch
1729525,KXMLBF5SPREAD-26JUN141335SDBAL-SD2,2026-06-16T23:46:44.857079+00:00,[],[],3,27,"{""orderbook"": {""orderbook_fp"": {""no_dollars"": [], ""yes_dollars"": []}}}",KXMLBF5SPREAD-26JUN141335SDBAL,mlb,BAL,SD,,f5_spread,26,29,,,29,,,rest_batch
1729526,KXMLBF5SPREAD-26JUN141335SDBAL-SD3,2026-06-16T23:46:44.857079+00:00,[],[],1,17,"{""orderbook"": {""orderbook_fp"": {""no_dollars"": [], ""yes_dollars"": []}}}",KXMLBF5SPREAD-26JUN141335SDBAL,mlb,BAL,SD,,f5_spread,17,18,,,19,,,rest_batch
1729527,KXMLBF5SPREAD-26JUN141335SEAWSH-SEA2,2026-06-16T23:46:44.857079+00:00,[],[],3,36,"{""orderbook"": {""orderbook_fp"": {""no_dollars"": [], ""yes_dollars"": []}}}",KXMLBF5SPREAD-26JUN141335SEAWSH,mlb,WSH,SEA,,f5_spread,35,38,,,40,,,rest_batch
1729528,KXMLBF5SPREAD-26JUN141335SEAWSH-SEA3,2026-06-16T23:46:44.857079+00:00,[],[],2,26,"{""orderbook"": {""orderbook_fp"": {""no_dollars"": [], ""yes_dollars"": []}}}",KXMLBF5SPREAD-26JUN141335SEAWSH,mlb,WSH,SEA,,f5_spread,25,27,,,29,,,rest_batch
1729529,KXMLBF5SPREAD-26JUN141335SEAWSH-WSH2,2026-06-16T23:46:44.857079+00:00,[],[],2,26,"{""orderbook"": {""orderbook_fp"": {""no_dollars"": [], ""yes_dollars"": []}}}",KXMLBF5SPREAD-26JUN141335SEAWSH,mlb,WSH,SEA,,f5_spread,25,27,,,,,,rest_batch
1729530,KXMLBF5SPREAD-26JUN141335SEAWSH-WSH3,2026-06-16T23:46:44.857079+00:00,[],[],2,17,"{""orderbook"": {""orderbook_fp"": {""no_dollars"": [], ""yes_dollars"": []}}}",KXMLBF5SPREAD-26JUN141335SEAWSH,mlb,WSH,SEA,,f5_spread,16,18,,,,,,rest_batch
1729531,KXMLBF5SPREAD-26JUN141337NYYTOR-NYY2,2026-06-16T23:46:44.857079+00:00,[],[],2,34,"{""orderbook"": {""orderbook_fp"": {""no_dollars"": [], ""yes_dollars"": []}}}",KXMLBF5SPREAD-26JUN141337NYYTOR,mlb,TOR,NYY,,f5_spread,33,35,,,35,,,rest_batch
1729532,KXMLBF5SPREAD-26JUN141337NYYTOR-NYY3,2026-06-16T23:46:44.857079+00:00,[],[],2,22,"{""orderbook"": {""orderbook_fp"": {""no_dollars"": [], ""yes_dollars"": []}}}",KXMLBF5SPREAD-26JUN141337NYYTOR,mlb,TOR,NYY,,f5_spread,21,23,,,22,,,rest_batch
1729533,KXMLBF5SPREAD-26JUN141337NYYTOR-TOR2,2026-06-16T23:46:44.857079+00:00,[],[],2,25,"{""orderbook"": {""orderbook_fp"": {""no_dollars"": [], ""yes_dollars"": []}}}",KXMLBF5SPREAD-26JUN141337NYYTOR,mlb,TOR,NYY,,f5_spread,24,26,,,26,,,rest_batch
1729534,KXMLBF5SPREAD-26JUN141337NYYTOR-TOR3,2026-06-16T23:46:44.857079+00:00,[],[],1,15,"{""orderbook"": {""orderbook_fp"": {""no_dollars"": [], ""yes_dollars"": []}}}",KXMLBF5SPREAD-26JUN141337NYYTOR,mlb,TOR,NYY,,f5_spread,15,16,,,13,,,rest_batch
1729535,KXMLBF5SPREAD-26JUN141340ATLNYM-ATL2,2026-06-16T23:46:44.857079+00:00,[],[],3,26,"{""orderbook"": {""orderbook_fp"": {""no_dollars"": [], ""yes_dollars"": []}}}",KXMLBF5SPREAD-26JUN141340ATLNYM,mlb,NYM,ATL,,f5_spread,25,28,,,28,,,rest_batch
1729536,KXMLBF5SPREAD-26JUN141340ATLNYM-ATL3,2026-06-16T23:46:44.857079+00:00,[],[],3,16,"{""orderbook"": {""orderbook_fp"": {""no_dollars"": [], ""yes_dollars"": []}}}",KXMLBF5SPREAD-26JUN141340ATLNYM,mlb,NYM,ATL,,f5_spread,15,18,,,18,,,rest_batch
1729537,KXMLBF5SPREAD-26JUN141340ATLNYM-NYM2,2026-06-16T23:46:44.857079+00:00,[],[],2,32,"{""orderbook"": {""orderbook_fp"": {""no_dollars"": [], ""yes_dollars"": []}}}",KXMLBF5SPREAD-26JUN141340ATLNYM,mlb,NYM,ATL,,f5_spread,31,33,,,32,,,rest_batch
1729538,KXMLBF5SPREAD-26JUN141340ATLNYM-NYM3,2026-06-16T23:46:44.857079+00:00,[],[],3,20,"{""orderbook"": {""orderbook_fp"": {""no_dollars"": [], ""yes_dollars"": []}}}",KXMLBF5SPREAD-26JUN141340ATLNYM,mlb,NYM,ATL,,f5_spread,19,22,,,20,,,rest_batch
1729539,KXMLBF5SPREAD-26JUN141340AZCIN-AZ2,2026-06-16T23:46:44.857079+00:00,[],[],3,30,"{""orderbook"": {""orderbook_fp"": {""no_dollars"": [], ""yes_dollars"": []}}}",KXMLBF5SPREAD-26JUN141340AZCIN,mlb,CIN,AZ,,f5_spread,29,32,,,32,,,rest_batch
1729540,KXMLBF5SPREAD-26JUN141340AZCIN-AZ3,2026-06-16T23:46:44.857079+00:00,[],[],2,20,"{""orderbook"": {""orderbook_fp"": {""no_dollars"": [], ""yes_dollars"": []}}}",KXMLBF5SPREAD-26JUN141340AZCIN,mlb,CIN,AZ,,f5_spread,19,21,,,22,,,rest_batch
1729541,KXMLBF5SPREAD-26JUN141340AZCIN-CIN2,2026-06-16T23:46:44.857079+00:00,[],[],2,31,"{""orderbook"": {""orderbook_fp"": {""no_dollars"": [], ""yes_dollars"": []}}}",KXMLBF5SPREAD-26JUN141340AZCIN,mlb,CIN,AZ,,f5_spread,30,32,,,33,,,rest_batch
1729542,KXMLBF5SPREAD-26JUN141340AZCIN-CIN3,2026-06-16T23:46:44.857079+00:00,[],[],3,21,"{""orderbook"": {""orderbook_fp"": {""no_dollars"": [], ""yes_dollars"": []}}}",KXMLBF5SPREAD-26JUN141340AZCIN,mlb,CIN,AZ,,f5_spread,20,23,,,22,,,rest_batch
1729543,KXMLBF5SPREAD-26JUN141340DETCLE-CLE2,2026-06-16T23:46:44.857079+00:00,[],[],2,28,"{""orderbook"": {""orderbook_fp"": {""no_dollars"": [], ""yes_dollars"": []}}}",KXMLBF5SPREAD-26JUN141340DETCLE,mlb,CLE,DET,,f5_spread,27,29,,,26,,,rest_batch
1729544,KXMLBF5SPREAD-26JUN141340DETCLE-CLE3,2026-06-16T23:46:44.857079+00:00,[],[],3,16,"{""orderbook"": {""orderbook_fp"": {""no_dollars"": [], ""yes_dollars"": []}}}",KXMLBF5SPREAD-26JUN141340DETCLE,mlb,CLE,DET,,f5_spread,15,18,,,17,,,rest_batch
1729545,KXMLBF5SPREAD-26JUN141340DETCLE-DET2,2026-06-16T23:46:44.857079+00:00,[],[],1,25,"{""orderbook"": {""orderbook_fp"": {""no_dollars"": [], ""yes_dollars"": []}}}",KXMLBF5SPREAD-26JUN141340DETCLE,mlb,CLE,DET,,f5_spread,25,26,,,,,,rest_batch
1729546,KXMLBF5SPREAD-26JUN141340DETCLE-DET3,2026-06-16T23:46:44.857079+00:00,[],[],3,15,"{""orderbook"": {""orderbook_fp"": {""no_dollars"": [], ""yes_dollars"": []}}}",KXMLBF5SPREAD-26JUN141340DETCLE,mlb,CLE,DET,,f5_spread,14,17,,,,,,rest_batch
1729547,KXMLBF5SPREAD-26JUN141410HOUKC-HOU2,2026-06-16T23:46:44.857079+00:00,[],[],1,27,"{""orderbook"": {""orderbook_fp"": {""no_dollars"": [], ""yes_dollars"": []}}}",KXMLBF5SPREAD-26JUN141410HOUKC,mlb,KC,HOU,,f5_spread,27,28,,,27,,,rest_batch
1729548,KXMLBF5SPREAD-26JUN141410HOUKC-HOU3,2026-06-16T23:46:44.857079+00:00,[],[],3,17,"{""orderbook"": {""orderbook_fp"": {""no_dollars"": [], ""yes_dollars"": []}}}",KXMLBF5SPREAD-26JUN141410HOUKC,mlb,KC,HOU,,f5_spread,16,19,,,,,,rest_batch
1729549,KXMLBF5SPREAD-26JUN141410HOUKC-KC2,2026-06-16T23:46:44.857079+00:00,[],[],3,31,"{""orderbook"": {""orderbook_fp"": {""no_dollars"": [], ""yes_dollars"": []}}}",KXMLBF5SPREAD-26JUN141410HOUKC,mlb,KC,HOU,,f5_spread,30,33,,,33,,,rest_batch
1729550,KXMLBF5SPREAD-26JUN141410HOUKC-KC3,2026-06-16T23:46:44.857079+00:00,[],[],3,21,"{""orderbook"": {""orderbook_fp"": {""no_dollars"": [], ""yes_dollars"": []}}}",KXMLBF5SPREAD-26JUN141410HOUKC,mlb,KC,HOU,,f5_spread,20,23,,,20,,,rest_batch
1729551,KXMLBF5SPREAD-26JUN141410LADCWS-CWS2,2026-06-16T23:46:44.857079+00:00,[],[],3,21,"{""orderbook"": {""orderbook_fp"": {""no_dollars"": [], ""yes_dollars"": []}}}",KXMLBF5SPREAD-26JUN141410LADCWS,mlb,CWS,LAD,,f5_spread,20,23,,,21,,,rest_batch
1729552,KXMLBF5SPREAD-26JUN141410LADCWS-CWS3,2026-06-16T23:46:44.857079+00:00,[],[],1,11,"{""orderbook"": {""orderbook_fp"": {""no_dollars"": [], ""yes_dollars"": []}}}",KXMLBF5SPREAD-26JUN141410LADCWS,mlb,CWS,LAD,,f5_spread,11,12,,,12,,,rest_batch
1729553,KXMLBF5SPREAD-26JUN141410LADCWS-LAD2,2026-06-16T23:46:44.857079+00:00,[],[],1,42,"{""orderbook"": {""orderbook_fp"": {""no_dollars"": [], ""yes_dollars"": []}}}",KXMLBF5SPREAD-26JUN141410LADCWS,mlb,CWS,LAD,,f5_spread,42,43,,,42,,,rest_batch
1729554,KXMLBF5SPREAD-26JUN141410LADCWS-LAD3,2026-06-16T23:46:44.857079+00:00,[],[],3,29,"{""orderbook"": {""orderbook_fp"": {""no_dollars"": [], ""yes_dollars"": []}}}",KXMLBF5SPREAD-26JUN141410LADCWS,mlb,CWS,LAD,,f5_spread,28,31,,,29,,,rest_batch
1729555,KXMLBF5SPREAD-26JUN141410PHIMIL-MIL2,2026-06-16T23:46:44.857079+00:00,[],[],2,22,"{""orderbook"": {""orderbook_fp"": {""no_dollars"": [], ""yes_dollars"": []}}}",KXMLBF5SPREAD-26JUN141410PHIMIL,mlb,MIL,PHI,,f5_spread,21,23,,,24,,,rest_batch
1729556,KXMLBF5SPREAD-26JUN141410PHIMIL-MIL3,2026-06-16T23:46:44.857079+00:00,[],[],2,12,"{""orderbook"": {""orderbook_fp"": {""no_dollars"": [], ""yes_dollars"": []}}}",KXMLBF5SPREAD-26JUN141410PHIMIL,mlb,MIL,PHI,,f5_spread,11,13,,,17,,,rest_batch
1729557,KXMLBF5SPREAD-26JUN141410PHIMIL-PHI2,2026-06-16T23:46:44.857079+00:00,[],[],1,28,"{""orderbook"": {""orderbook_fp"": {""no_dollars"": [], ""yes_dollars"": []}}}",KXMLBF5SPREAD-26JUN141410PHIMIL,mlb,MIL,PHI,,f5_spread,28,29,,,29,,,rest_batch
1729558,KXMLBF5SPREAD-26JUN141410PHIMIL-PHI3,2026-06-16T23:46:44.857079+00:00,[],[],3,16,"{""orderbook"": {""orderbook_fp"": {""no_dollars"": [], ""yes_dollars"": []}}}",KXMLBF5SPREAD-26JUN141410PHIMIL,mlb,MIL,PHI,,f5_spread,15,18,,,15,,,rest_batch
1729559,KXMLBF5SPREAD-26JUN141410STLMIN-MIN2,2026-06-16T23:46:44.857079+00:00,[],[],3,31,"{""orderbook"": {""orderbook_fp"": {""no_dollars"": [], ""yes_dollars"": []}}}",KXMLBF5SPREAD-26JUN141410STLMIN,mlb,MIN,STL,,f5_spread,30,33,,,,,,rest_batch
1729560,KXMLBF5SPREAD-26JUN141410STLMIN-MIN3,2026-06-16T23:46:44.857079+00:00,[],[],3,20,"{""orderbook"": {""orderbook_fp"": {""no_dollars"": [], ""yes_dollars"": []}}}",KXMLBF5SPREAD-26JUN141410STLMIN,mlb,MIN,STL,,f5_spread,19,22,,,,,,rest_batch
1729561,KXMLBF5SPREAD-26JUN141410STLMIN-STL2,2026-06-16T23:46:44.857079+00:00,[],[],2,29,"{""orderbook"": {""orderbook_fp"": {""no_dollars"": [], ""yes_dollars"": []}}}",KXMLBF5SPREAD-26JUN141410STLMIN,mlb,MIN,STL,,f5_spread,28,30,,,,,,rest_batch
1729562,KXMLBF5SPREAD-26JUN141410STLMIN-STL3,2026-06-16T23:46:44.857079+00:00,[],[],2,18,"{""orderbook"": {""orderbook_fp"": {""no_dollars"": [], ""yes_dollars"": []}}}",KXMLBF5SPREAD-26JUN141410STLMIN,mlb,MIN,STL,,f5_spread,17,19,,,,,,rest_batch
1729563,KXMLBF5SPREAD-26JUN141505COLATH-ATH2,2026-06-16T23:46:44.857079+00:00,[],[],2,45,"{""orderbook"": {""orderbook_fp"": {""no_dollars"": [], ""yes_dollars"": []}}}",KXMLBF5SPREAD-26JUN141505COLATH,mlb,ATH,COL,,f5_spread,44,46,,,46,,,rest_batch
1729564,KXMLBF5SPREAD-26JUN141505COLATH-ATH3,2026-06-16T23:46:44.857079+00:00,[],[],2,35,"{""orderbook"": {""orderbook_fp"": {""no_dollars"": [], ""yes_dollars"": []}}}",KXMLBF5SPREAD-26JUN141505COLATH,mlb,ATH,COL,,f5_spread,34,36,,,36,,,rest_batch
1729565,KXMLBF5SPREAD-26JUN141505COLATH-COL2,2026-06-16T23:46:44.857079+00:00,[],[],3,25,"{""orderbook"": {""orderbook_fp"": {""no_dollars"": [], ""yes_dollars"": []}}}",KXMLBF5SPREAD-26JUN141505COLATH,mlb,ATH,COL,,f5_spread,24,27,,,,,,rest_batch
1729566,KXMLBF5SPREAD-26JUN141505COLATH-COL3,2026-06-16T23:46:44.857079+00:00,[],[],1,16,"{""orderbook"": {""orderbook_fp"": {""no_dollars"": [], ""yes_dollars"": []}}}",KXMLBF5SPREAD-26JUN141505COLATH,mlb,ATH,COL,,f5_spread,16,17,,,,,,rest_batch
1729567,KXMLBF5SPREAD-26JUN141510CHCSF-CHC2,2026-06-16T23:46:44.857079+00:00,[],[],2,21,"{""orderbook"": {""orderbook_fp"": {""no_dollars"": [], ""yes_dollars"": []}}}",KXMLBF5SPREAD-26JUN141510CHCSF,mlb,SF,CHC,,f5_spread,20,22,,,23,,,rest_batch
1729568,KXMLBF5SPREAD-26JUN141510CHCSF-CHC3,2026-06-16T23:46:44.857079+00:00,[],[],2,11,"{""orderbook"": {""orderbook_fp"": {""no_dollars"": [], ""yes_dollars"": []}}}",KXMLBF5SPREAD-26JUN141510CHCSF,mlb,SF,CHC,,f5_spread,10,12,,,12,,,rest_batch
1729569,KXMLBF5SPREAD-26JUN141510CHCSF-SF2,2026-06-16T23:46:44.857079+00:00,[],[],3,35,"{""orderbook"": {""orderbook_fp"": {""no_dollars"": [], ""yes_dollars"": []}}}",KXMLBF5SPREAD-26JUN141510CHCSF,mlb,SF,CHC,,f5_spread,34,37,,,34,,,rest_batch
1729570,KXMLBF5SPREAD-26JUN141510CHCSF-SF3,2026-06-16T23:46:44.857079+00:00,[],[],2,24,"{""orderbook"": {""orderbook_fp"": {""no_dollars"": [], ""yes_dollars"": []}}}",KXMLBF5SPREAD-26JUN141510CHCSF,mlb,SF,CHC,,f5_spread,23,25,,,,,,rest_batch
1729571,KXMLBF5SPREAD-26JUN141607TBLAA-LAA2,2026-06-16T23:46:44.857079+00:00,[],[],2,29,"{""orderbook"": {""orderbook_fp"": {""no_dollars"": [], ""yes_dollars"": []}}}",KXMLBF5SPREAD-26JUN141607TBLAA,mlb,LAA,TB,,f5_spread,28,30,,,,,,rest_batch
1729572,KXMLBF5SPREAD-26JUN141607TBLAA-LAA3,2026-06-16T23:46:44.857079+00:00,[],[],1,17,"{""orderbook"": {""orderbook_fp"": {""no_dollars"": [], ""yes_dollars"": []}}}",KXMLBF5SPREAD-26JUN141607TBLAA,mlb,LAA,TB,,f5_spread,17,18,,,17,,,rest_batch
1729573,KXMLBF5SPREAD-26JUN141607TBLAA-TB2,2026-06-16T23:46:44.857079+00:00,[],[],3,30,"{""orderbook"": {""orderbook_fp"": {""no_dollars"": [], ""yes_dollars"": []}}}",KXMLBF5SPREAD-26JUN141607TBLAA,mlb,LAA,TB,,f5_spread,29,32,,,32,,,rest_batch
1729574,KXMLBF5SPREAD-26JUN141607TBLAA-TB3,2026-06-16T23:46:44.857079+00:00,[],[],4,21,"{""orderbook"": {""orderbook_fp"": {""no_dollars"": [], ""yes_dollars"": []}}}",KXMLBF5SPREAD-26JUN141607TBLAA,mlb,LAA,TB,,f5_spread,19,23,,,22,,,rest_batch
1729575,KXMLBF5SPREAD-26JUN141920TEXBOS-BOS2,2026-06-16T23:46:44.857079+00:00,[],[],3,28,"{""orderbook"": {""orderbook_fp"": {""no_dollars"": [], ""yes_dollars"": []}}}",KXMLBF5SPREAD-26JUN141920TEXBOS,mlb,BOS,TEX,,f5_spread,27,30,,,27,,,rest_batch
1729576,KXMLBF5SPREAD-26JUN141920TEXBOS-BOS3,2026-06-16T23:46:44.857079+00:00,[],[],2,18,"{""orderbook"": {""orderbook_fp"": {""no_dollars"": [], ""yes_dollars"": []}}}",KXMLBF5SPREAD-26JUN141920TEXBOS,mlb,BOS,TEX,,f5_spread,17,19,,,19,,,rest_batch
1729577,KXMLBF5SPREAD-26JUN141920TEXBOS-TEX2,2026-06-16T23:46:44.857079+00:00,[],[],3,30,"{""orderbook"": {""orderbook_fp"": {""no_dollars"": [], ""yes_dollars"": []}}}",KXMLBF5SPREAD-26JUN141920TEXBOS,mlb,BOS,TEX,,f5_spread,29,32,,,,,,rest_batch
1729578,KXMLBF5SPREAD-26JUN141920TEXBOS-TEX3,2026-06-16T23:46:44.857079+00:00,[],[],2,20,"{""orderbook"": {""orderbook_fp"": {""no_dollars"": [], ""yes_dollars"": []}}}",KXMLBF5SPREAD-26JUN141920TEXBOS,mlb,BOS,TEX,,f5_spread,19,21,,,,,,rest_batch
1729579,KXMLBF5SPREAD-26JUN151840MIAPHI-MIA2,2026-06-16T23:46:44.857079+00:00,[],[],1,17,"{""orderbook"": {""orderbook_fp"": {""no_dollars"": [], ""yes_dollars"": []}}}",KXMLBF5SPREAD-26JUN151840MIAPHI,mlb,PHI,MIA,,f5_spread,17,18,,,18,,,rest_batch
1729580,KXMLBF5SPREAD-26JUN151840MIAPHI-MIA3,2026-06-16T23:46:44.857079+00:00,[],[],1,9,"{""orderbook"": {""orderbook_fp"": {""no_dollars"": [], ""yes_dollars"": []}}}",KXMLBF5SPREAD-26JUN151840MIAPHI,mlb,PHI,MIA,,f5_spread,9,10,,,10,,,rest_batch
1729581,KXMLBF5SPREAD-26JUN151840MIAPHI-PHI2,2026-06-16T23:46:44.857079+00:00,[],[],1,39,"{""orderbook"": {""orderbook_fp"": {""no_dollars"": [], ""yes_dollars"": []}}}",KXMLBF5SPREAD-26JUN151840MIAPHI,mlb,PHI,MIA,,f5_spread,39,40,,,40,,,rest_batch
1729582,KXMLBF5SPREAD-26JUN151840MIAPHI-PHI3,2026-06-16T23:46:44.857079+00:00,[],[],1,27,"{""orderbook"": {""orderbook_fp"": {""no_dollars"": [], ""yes_dollars"": []}}}",KXMLBF5SPREAD-26JUN151840MIAPHI,mlb,PHI,MIA,,f5_spread,27,28,,,28,,,rest_batch
1729583,KXMLBF5SPREAD-26JUN151845KCWSH-KC2,2026-06-16T23:46:44.857079+00:00,[],[],1,26,"{""orderbook"": {""orderbook_fp"": {""no_dollars"": [], ""yes_dollars"": []}}}",KXMLBF5SPREAD-26JUN151845KCWSH,mlb,WSH,KC,,f5_spread,26,27,,,27,,,rest_batch
1729584,KXMLBF5SPREAD-26JUN151845KCWSH-KC3,2026-06-16T23:46:44.857079+00:00,[],[],1,17,"{""orderbook"": {""orderbook_fp"": {""no_dollars"": [], ""yes_dollars"": []}}}",KXMLBF5SPREAD-26JUN151845KCWSH,mlb,WSH,KC,,f5_spread,17,18,,,,,,rest_batch
1729585,KXMLBF5SPREAD-26JUN151845KCWSH-WSH2,2026-06-16T23:46:44.857079+00:00,[],[],1,35,"{""orderbook"": {""orderbook_fp"": {""no_dollars"": [], ""yes_dollars"": []}}}",KXMLBF5SPREAD-26JUN151845KCWSH,mlb,WSH,KC,,f5_spread,35,36,,,36,,,rest_batch
1729586,KXMLBF5SPREAD-26JUN151845KCWSH-WSH3,2026-06-16T23:46:44.857079+00:00,[],[],1,23,"{""orderbook"": {""orderbook_fp"": {""no_dollars"": [], ""yes_dollars"": []}}}",KXMLBF5SPREAD-26JUN151845KCWSH,mlb,WSH,KC,,f5_spread,23,24,,,24,,,rest_batch
1729587,KXMLBF5SPREAD-26JUN151910NYMCIN-CIN2,2026-06-16T23:46:44.857079+00:00,[],[],23,88,"{""orderbook"": {""orderbook_fp"": {""no_dollars"": [], ""yes_dollars"": []}}}",KXMLBF5SPREAD-26JUN151910NYMCIN,mlb,CIN,NYM,,f5_spread,77,100,,,99,,,rest_batch
1729588,KXMLBF5SPREAD-26JUN151910NYMCIN-CIN3,2026-06-16T23:46:44.857079+00:00,[],[],7,96,"{""orderbook"": {""orderbook_fp"": {""no_dollars"": [], ""yes_dollars"": []}}}",KXMLBF5SPREAD-26JUN151910NYMCIN,mlb,CIN,NYM,,f5_spread,93,100,,,99,,,rest_batch
1729589,KXMLBF5SPREAD-26JUN151910NYMCIN-NYM2,2026-06-16T23:46:44.857079+00:00,[],[],,,"{""orderbook"": {""orderbook_fp"": {""no_dollars"": [], ""yes_dollars"": []}}}",KXMLBF5SPREAD-26JUN151910NYMCIN,mlb,CIN,NYM,,f5_spread,,1,,,1,,,rest_batch
1729590,KXMLBF5SPREAD-26JUN151910NYMCIN-NYM3,2026-06-16T23:46:44.857079+00:00,[],[],,,"{""orderbook"": {""orderbook_fp"": {""no_dollars"": [], ""yes_dollars"": []}}}",KXMLBF5SPREAD-26JUN151910NYMCIN,mlb,CIN,NYM,,f5_spread,,1,,,1,,,rest_batch
1729591,KXMLBF5SPREAD-26JUN151945SDSTL-SD2,2026-06-16T23:46:44.857079+00:00,[],[],4,8,"{""orderbook"": {""orderbook_fp"": {""no_dollars"": [], ""yes_dollars"": []}}}",KXMLBF5SPREAD-26JUN151945SDSTL,mlb,STL,SD,,f5_spread,6,10,,,19,,,rest_batch
1729592,KXMLBF5SPREAD-26JUN151945SDSTL-SD3,2026-06-16T23:46:44.857079+00:00,[],[],1,6,"{""orderbook"": {""orderbook_fp"": {""no_dollars"": [], ""yes_dollars"": []}}}",KXMLBF5SPREAD-26JUN151945SDSTL,mlb,STL,SD,,f5_spread,6,7,,,11,,,rest_batch
1729593,KXMLBF5SPREAD-26JUN151945SDSTL-STL2,2026-06-16T23:46:44.857079+00:00,[],[],4,25,"{""orderbook"": {""orderbook_fp"": {""no_dollars"": [], ""yes_dollars"": []}}}",KXMLBF5SPREAD-26JUN151945SDSTL,mlb,STL,SD,,f5_spread,23,27,,,15,,,rest_batch
1729594,KXMLBF5SPREAD-26JUN151945SDSTL-STL3,2026-06-16T23:46:44.857079+00:00,[],[],7,13,"{""orderbook"": {""orderbook_fp"": {""no_dollars"": [], ""yes_dollars"": []}}}",KXMLBF5SPREAD-26JUN151945SDSTL,mlb,STL,SD,,f5_spread,10,17,,,6,,,rest_batch
1729595,KXMLBF5SPREAD-26JUN152005COLCHC-CHC2,2026-06-16T23:46:44.857079+00:00,[],[],55,36,"{""orderbook"": {""orderbook_fp"": {""no_dollars"": [], ""yes_dollars"": []}}}",KXMLBF5SPREAD-26JUN152005COLCHC,mlb,CHC,COL,,f5_spread,9,64,,,39,,,rest_batch
1729596,KXMLBF5SPREAD-26JUN152005COLCHC-CHC3,2026-06-16T23:46:44.857079+00:00,[],[],19,31,"{""orderbook"": {""orderbook_fp"": {""no_dollars"": [], ""yes_dollars"": []}}}",KXMLBF5SPREAD-26JUN152005COLCHC,mlb,CHC,COL,,f5_spread,22,41,,,21,,,rest_batch
1729597,KXMLBF5SPREAD-26JUN152005COLCHC-COL2,2026-06-16T23:46:44.857079+00:00,[],[],43,27,"{""orderbook"": {""orderbook_fp"": {""no_dollars"": [], ""yes_dollars"": []}}}",KXMLBF5SPREAD-26JUN152005COLCHC,mlb,CHC,COL,,f5_spread,6,49,,,7,,,rest_batch
1729598,KXMLBF5SPREAD-26JUN152005COLCHC-COL3,2026-06-16T23:46:44.857079+00:00,[],[],1,2,"{""orderbook"": {""orderbook_fp"": {""no_dollars"": [], ""yes_dollars"": []}}}",KXMLBF5SPREAD-26JUN152005COLCHC,mlb,CHC,COL,,f5_spread,2,3,,,2,,,rest_batch
1729599,KXMLBF5SPREAD-26JUN152005MINTEX-MIN2,2026-06-16T23:46:44.857079+00:00,[],[],38,37,"{""orderbook"": {""orderbook_fp"": {""no_dollars"": [], ""yes_dollars"": []}}}",KXMLBF5SPREAD-26JUN152005MINTEX,mlb,TEX,MIN,,f5_spread,18,56,,,17,,,rest_batch
1729600,KXMLBF5SPREAD-26JUN152005MINTEX-MIN3,2026-06-16T23:46:44.857079+00:00,[],[],12,10,"{""orderbook"": {""orderbook_fp"": {""no_dollars"": [], ""yes_dollars"": []}}}",KXMLBF5SPREAD-26JUN152005MINTEX,mlb,TEX,MIN,,f5_spread,4,16,,,3,,,rest_batch
1729601,KXMLBF5SPREAD-26JUN152005MINTEX-TEX2,2026-06-16T23:46:44.857079+00:00,[],[],35,21,"{""orderbook"": {""orderbook_fp"": {""no_dollars"": [], ""yes_dollars"": []}}}",KXMLBF5SPREAD-26JUN152005MINTEX,mlb,TEX,MIN,,f5_spread,4,39,,,3,,,rest_batch
1729602,KXMLBF5SPREAD-26JUN152005MINTEX-TEX3,2026-06-16T23:46:44.857079+00:00,[],[],3,2,"{""orderbook"": {""orderbook_fp"": {""no_dollars"": [], ""yes_dollars"": []}}}",KXMLBF5SPREAD-26JUN152005MINTEX,mlb,TEX,MIN,,f5_spread,1,4,,,1,,,rest_batch
1729603,KXMLBF5SPREAD-26JUN152010DETHOU-DET2,2026-06-16T23:46:44.857079+00:00,[],[],4,90,"{""orderbook"": {""orderbook_fp"": {""no_dollars"": [], ""yes_dollars"": []}}}",KXMLBF5SPREAD-26JUN152010DETHOU,mlb,HOU,DET,,f5_spread,88,92,,,89,,,rest_batch
1729604,KXMLBF5SPREAD-26JUN152010DETHOU-DET3,2026-06-16T23:46:44.857079+00:00,[],[],4,80,"{""orderbook"": {""orderbook_fp"": {""no_dollars"": [], ""yes_dollars"": []}}}",KXMLBF5SPREAD-26JUN152010DETHOU,mlb,HOU,DET,,f5_spread,78,82,,,85,,,rest_batch
1729605,KXMLBF5SPREAD-26JUN152010DETHOU-HOU2,2026-06-16T23:46:44.857079+00:00,[],[],3,2,"{""orderbook"": {""orderbook_fp"": {""no_dollars"": [], ""yes_dollars"": []}}}",KXMLBF5SPREAD-26JUN152010DETHOU,mlb,HOU,DET,,f5_spread,1,4,,,2,,,rest_batch
1729606,KXMLBF5SPREAD-26JUN152010DETHOU-HOU3,2026-06-16T23:46:44.857079+00:00,[],[],,,"{""orderbook"": {""orderbook_fp"": {""no_dollars"": [], ""yes_dollars"": []}}}",KXMLBF5SPREAD-26JUN152010DETHOU,mlb,HOU,DET,,f5_spread,,1,,,1,,,rest_batch
1729607,KXMLBF5SPREAD-26JUN152140LAAAZ-AZ2,2026-06-16T23:46:44.857079+00:00,[],[],1,32,"{""orderbook"": {""orderbook_fp"": {""no_dollars"": [], ""yes_dollars"": []}}}",KXMLBF5SPREAD-26JUN152140LAAAZ,mlb,AZ,LAA,,f5_spread,32,33,,,33,,,rest_batch
1729608,KXMLBF5SPREAD-26JUN152140LAAAZ-AZ3,2026-06-16T23:46:44.857079+00:00,[],[],1,22,"{""orderbook"": {""orderbook_fp"": {""no_dollars"": [], ""yes_dollars"": []}}}",KXMLBF5SPREAD-26JUN152140LAAAZ,mlb,AZ,LAA,,f5_spread,22,23,,,21,,,rest_batch
1729609,KXMLBF5SPREAD-26JUN152140LAAAZ-LAA2,2026-06-16T23:46:44.857079+00:00,[],[],2,27,"{""orderbook"": {""orderbook_fp"": {""no_dollars"": [], ""yes_dollars"": []}}}",KXMLBF5SPREAD-26JUN152140LAAAZ,mlb,AZ,LAA,,f5_spread,26,28,,,28,,,rest_batch
1729610,KXMLBF5SPREAD-26JUN152140LAAAZ-LAA3,2026-06-16T23:46:44.857079+00:00,[],[],1,16,"{""orderbook"": {""orderbook_fp"": {""no_dollars"": [], ""yes_dollars"": []}}}",KXMLBF5SPREAD-26JUN152140LAAAZ,mlb,AZ,LAA,,f5_spread,16,17,,,18,,,rest_batch
1729611,KXMLBF5SPREAD-26JUN152140PITATH-ATH2,2026-06-16T23:46:44.857079+00:00,[],[],1,34,"{""orderbook"": {""orderbook_fp"": {""no_dollars"": [], ""yes_dollars"": []}}}",KXMLBF5SPREAD-26JUN152140PITATH,mlb,ATH,PIT,,f5_spread,34,35,,,35,,,rest_batch
1729612,KXMLBF5SPREAD-26JUN152140PITATH-ATH3,2026-06-16T23:46:44.857079+00:00,[],[],1,22,"{""orderbook"": {""orderbook_fp"": {""no_dollars"": [], ""yes_dollars"": []}}}",KXMLBF5SPREAD-26JUN152140PITATH,mlb,ATH,PIT,,f5_spread,22,23,,,,,,rest_batch
1729613,KXMLBF5SPREAD-26JUN152140PITATH-PIT2,2026-06-16T23:46:44.857079+00:00,[],[],1,29,"{""orderbook"": {""orderbook_fp"": {""no_dollars"": [], ""yes_dollars"": []}}}",KXMLBF5SPREAD-26JUN152140PITATH,mlb,ATH,PIT,,f5_spread,29,30,,,30,,,rest_batch
1729614,KXMLBF5SPREAD-26JUN152140PITATH-PIT3,2026-06-16T23:46:44.857079+00:00,[],[],2,20,"{""orderbook"": {""orderbook_fp"": {""no_dollars"": [], ""yes_dollars"": []}}}",KXMLBF5SPREAD-26JUN152140PITATH,mlb,ATH,PIT,,f5_spread,19,21,,,22,,,rest_batch
1729615,KXMLBF5SPREAD-26JUN152210TBLAD-LAD2,2026-06-16T23:46:44.857079+00:00,[],[],2,38,"{""orderbook"": {""orderbook_fp"": {""no_dollars"": [], ""yes_dollars"": []}}}",KXMLBF5SPREAD-26JUN152210TBLAD,mlb,LAD,TB,,f5_spread,37,39,,,37,,,rest_batch
1729616,KXMLBF5SPREAD-26JUN152210TBLAD-LAD3,2026-06-16T23:46:44.857079+00:00,[],[],1,26,"{""orderbook"": {""orderbook_fp"": {""no_dollars"": [], ""yes_dollars"": []}}}",KXMLBF5SPREAD-26JUN152210TBLAD,mlb,LAD,TB,,f5_spread,26,27,,,26,,,rest_batch
1729617,KXMLBF5SPREAD-26JUN152210TBLAD-TB2,2026-06-16T23:46:44.857079+00:00,[],[],1,22,"{""orderbook"": {""orderbook_fp"": {""no_dollars"": [], ""yes_dollars"": []}}}",KXMLBF5SPREAD-26JUN152210TBLAD,mlb,LAD,TB,,f5_spread,22,23,,,23,,,rest_batch
1729618,KXMLBF5SPREAD-26JUN152210TBLAD-TB3,2026-06-16T23:46:44.857079+00:00,[],[],1,14,"{""orderbook"": {""orderbook_fp"": {""no_dollars"": [], ""yes_dollars"": []}}}",KXMLBF5SPREAD-26JUN152210TBLAD,mlb,LAD,TB,,f5_spread,14,15,,,15,,,rest_batch
1729619,KXMLBF5SPREAD-26JUN161840MIAPHI-MIA2,2026-06-16T23:46:44.857079+00:00,[],"[[""0.0100"", ""368.00""], [""0.0200"", ""16030.00""], [""0.0300"", ""15.00""], [""0.0400"", ""35.00""], [""0.0500"", ""10.00""], [""0.0600"", ""5.00""], [""0.0800"", ""15.00""], [""0.0900"", ""163.00""], [""0.1100"", ""2.00""], [""0.1600"", ""17.00""], [""0.2000"", ""16.00""], [""0.2100"", ""22.00""], [""0.2600"", ""19.00""], [""0.2800"", ""7.00""], [""0.3100"", ""1.00""], [""0.3300"", ""20.00""], [""0.3600"", ""1.00""], [""0.3900"", ""3.00""], [""0.4000"", ""16.00""], [""0.4600"", ""1.00""], [""0.5500"", ""25.00""], [""0.5600"", ""1.00""], [""0.6200"", ""22.00""], [""0.6500"", ""16.00""], [""0.7000"", ""16.00""], [""0.7100"", ""40.00""], [""0.8000"", ""3.00""], [""0.8500"", ""3.00""], [""0.9000"", ""6.00""], [""0.9200"", ""6.00""], [""0.9400"", ""6.00""], [""0.9500"", ""6.00""], [""0.9600"", ""36.00""], [""0.9700"", ""63.00""], [""0.9800"", ""625.00""], [""0.9900"", ""75.46""]]",79,59,"{""orderbook"": {""orderbook_fp"": {""no_dollars"": [[""0.0100"", ""368.00""], [""0.0200"", ""16030.00""], [""0.0300"", ""15.00""], [""0.0400"", ""35.00""], [""0.0500"", ""10.00""], [""0.0600"", ""5.00""], [""0.0800"", ""15.00""], [""0.0900"", ""163.00""], [""0.1100"", ""2.00""], [""0.1600"", ""17.00""], [""0.2000"", ""16.00""], [""0.2100"", ""22.00""], [""0.2600"", ""19.00""], [""0.2800"", ""7.00""], [""0.3100"", ""1.00""], [""0.3300"", ""20.00""], [""0.3600"", ""1.00""], [""0.3900"", ""3.00""], [""0.4000"", ""16.00""], [""0.4600"", ""1.00""], [""0.5500"", ""25.00""], [""0.5600"", ""1.00""], [""0.6200"", ""22.00""], [""0.6500"", ""16.00""], [""0.7000"", ""16.00""], [""0.7100"", ""40.00""], [""0.8000"", ""3.00""], [""0.8500"", ""3.00""], [""0.9000"", ""6.00""], [""0.9200"", ""6.00""], [""0.9400"", ""6.00""], [""0.9500"", ""6.00""], [""0.9600"", ""36.00""], [""0.9700"", ""63.00""], [""0.9800"", ""625.00""], [""0.9900"", ""75.46""]], ""yes_dollars"": []}}}",KXMLBF5SPREAD-26JUN161840MIAPHI,mlb,PHI,MIA,,f5_spread,20,99,1,,21,,,rest_batch
1729620,KXMLBF5SPREAD-26JUN161840MIAPHI-MIA3,2026-06-16T23:46:44.857079+00:00,[],"[[""0.0100"", ""363.00""], [""0.0200"", ""16000.00""], [""0.0300"", ""15.00""], [""0.0400"", ""35.00""], [""0.0500"", ""82.00""], [""0.0600"", ""2.00""], [""0.0700"", ""25.00""], [""0.0800"", ""15.00""], [""0.1100"", ""2.00""], [""0.1600"", ""17.00""], [""0.2000"", ""14.00""], [""0.2100"", ""22.00""], [""0.2200"", ""9.00""], [""0.2600"", ""20.00""], [""0.3100"", ""18.00""], [""0.3600"", ""17.00""], [""0.3800"", ""1.00""], [""0.4000"", ""16.00""], [""0.4600"", ""1.00""], [""0.5500"", ""25.00""], [""0.6200"", ""22.00""], [""0.6500"", ""16.00""], [""0.7000"", ""16.00""], [""0.7200"", ""3.00""], [""0.8000"", ""3.00""], [""0.8100"", ""43.00""], [""0.8500"", ""3.00""], [""0.9000"", ""6.00""], [""0.9200"", ""6.00""], [""0.9400"", ""6.00""], [""0.9500"", ""6.00""], [""0.9600"", ""36.00""], [""0.9700"", ""63.00""], [""0.9800"", ""625.00""], [""0.9900"", ""50.00""]]",89,54,"{""orderbook"": {""orderbook_fp"": {""no_dollars"": [[""0.0100"", ""363.00""], [""0.0200"", ""16000.00""], [""0.0300"", ""15.00""], [""0.0400"", ""35.00""], [""0.0500"", ""82.00""], [""0.0600"", ""2.00""], [""0.0700"", ""25.00""], [""0.0800"", ""15.00""], [""0.1100"", ""2.00""], [""0.1600"", ""17.00""], [""0.2000"", ""14.00""], [""0.2100"", ""22.00""], [""0.2200"", ""9.00""], [""0.2600"", ""20.00""], [""0.3100"", ""18.00""], [""0.3600"", ""17.00""], [""0.3800"", ""1.00""], [""0.4000"", ""16.00""], [""0.4600"", ""1.00""], [""0.5500"", ""25.00""], [""0.6200"", ""22.00""], [""0.6500"", ""16.00""], [""0.7000"", ""16.00""], [""0.7200"", ""3.00""], [""0.8000"", ""3.00""], [""0.8100"", ""43.00""], [""0.8500"", ""3.00""], [""0.9000"", ""6.00""], [""0.9200"", ""6.00""], [""0.9400"", ""6.00""], [""0.9500"", ""6.00""], [""0.9600"", ""36.00""], [""0.9700"", ""63.00""], [""0.9800"", ""625.00""], [""0.9900"", ""50.00""]], ""yes_dollars"": []}}}",KXMLBF5SPREAD-26JUN161840MIAPHI,mlb,PHI,MIA,,f5_spread,10,99,1,,11,,,rest_batch
1729621,KXMLBF5SPREAD-26JUN161840MIAPHI-PHI2,2026-06-16T23:46:44.857079+00:00,"[[""0.0100"", ""300.00""], [""0.0200"", ""15003.10""], [""0.0400"", ""35.00""], [""0.0500"", ""40.00""], [""0.0600"", ""20.00""], [""0.1500"", ""1.00""], [""0.1600"", ""26.00""], [""0.1800"", ""1.00""], [""0.2000"", ""25.00""], [""0.2100"", ""1.00""], [""0.2600"", ""30.00""], [""0.3000"", ""16.00""], [""0.3100"", ""44.00""], [""0.3600"", ""21.00""], [""0.4000"", ""16.00""], [""0.4600"", ""23.00""], [""0.5500"", ""25.00""], [""0.5600"", ""6.00""], [""0.6200"", ""22.00""], [""0.6300"", ""3.00""], [""0.6500"", ""16.00""], [""0.7000"", ""16.00""], [""0.9300"", ""200.00""], [""0.9400"", ""1450.00""]]",[],38,20,"{""orderbook"": {""orderbook_fp"": {""no_dollars"": [], ""yes_dollars"": [[""0.0100"", ""300.00""], [""0.0200"", ""15003.10""], [""0.0400"", ""35.00""], [""0.0500"", ""40.00""], [""0.0600"", ""20.00""], [""0.1500"", ""1.00""], [""0.1600"", ""26.00""], [""0.1800"", ""1.00""], [""0.2000"", ""25.00""], [""0.2100"", ""1.00""], [""0.2600"", ""30.00""], [""0.3000"", ""16.00""], [""0.3100"", ""44.00""], [""0.3600"", ""21.00""], [""0.4000"", ""16.00""], [""0.4600"", ""23.00""], [""0.5500"", ""25.00""], [""0.5600"", ""6.00""], [""0.6200"", ""22.00""], [""0.6300"", ""3.00""], [""0.6500"", ""16.00""], [""0.7000"", ""16.00""], [""0.9300"", ""200.00""], [""0.9400"", ""1450.00""]]}}}",KXMLBF5SPREAD-26JUN161840MIAPHI,mlb,PHI,MIA,,f5_spread,1,39,,99,39,,,rest_batch
1729622,KXMLBF5SPREAD-26JUN161840MIAPHI-PHI3,2026-06-16T23:46:44.857079+00:00,"[[""0.0100"", ""310.00""], [""0.0200"", ""16075.00""], [""0.0300"", ""2.00""], [""0.0400"", ""35.00""], [""0.0500"", ""30.00""], [""0.0600"", ""10.00""], [""0.0700"", ""182.00""], [""0.0800"", ""401.00""], [""0.1500"", ""1.00""], [""0.1600"", ""12.00""], [""0.1800"", ""1.00""], [""0.2000"", ""25.00""], [""0.2100"", ""45.00""], [""0.2600"", ""13.00""], [""0.2700"", ""25.00""], [""0.2800"", ""25.00""], [""0.3000"", ""16.00""], [""0.3100"", ""1.00""], [""0.3600"", ""14.00""], [""0.4000"", ""16.00""], [""0.4600"", ""16.00""], [""0.5500"", ""25.00""], [""0.5600"", ""12.88""], [""0.6200"", ""22.00""], [""0.6300"", ""50.00""], [""0.6500"", ""16.00""], [""0.6600"", ""14.00""], [""0.6700"", ""10.00""], [""0.7000"", ""16.00""], [""0.7300"", ""3.00""], [""0.7400"", ""9.00""], [""0.7500"", ""1.00""]]","[[""0.0100"", ""65.09""]]",98,50,"{""orderbook"": {""orderbook_fp"": {""no_dollars"": [[""0.0100"", ""65.09""]], ""yes_dollars"": [[""0.0100"", ""310.00""], [""0.0200"", ""16075.00""], [""0.0300"", ""2.00""], [""0.0400"", ""35.00""], [""0.0500"", ""30.00""], [""0.0600"", ""10.00""], [""0.0700"", ""182.00""], [""0.0800"", ""401.00""], [""0.1500"", ""1.00""], [""0.1600"", ""12.00""], [""0.1800"", ""1.00""], [""0.2000"", ""25.00""], [""0.2100"", ""45.00""], [""0.2600"", ""13.00""], [""0.2700"", ""25.00""], [""0.2800"", ""25.00""], [""0.3000"", ""16.00""], [""0.3100"", ""1.00""], [""0.3600"", ""14.00""], [""0.4000"", ""16.00""], [""0.4600"", ""16.00""], [""0.5500"", ""25.00""], [""0.5600"", ""12.88""], [""0.6200"", ""22.00""], [""0.6300"", ""50.00""], [""0.6500"", ""16.00""], [""0.6600"", ""14.00""], [""0.6700"", ""10.00""], [""0.7000"", ""16.00""], [""0.7300"", ""3.00""], [""0.7400"", ""9.00""], [""0.7500"", ""1.00""]]}}}",KXMLBF5SPREAD-26JUN161840MIAPHI,mlb,PHI,MIA,,f5_spread,1,99,1,99,25,,,rest_batch
1729623,KXMLBF5SPREAD-26JUN161845KCWSH-KC2,2026-06-16T23:46:44.857079+00:00,"[[""0.0100"", ""300.00""], [""0.0200"", ""3.00""], [""0.0400"", ""35.00""], [""0.0500"", ""25.00""]]","[[""0.0100"", ""368.00""], [""0.0200"", ""15030.00""], [""0.0300"", ""15.00""], [""0.0400"", ""35.00""], [""0.0500"", ""10.00""], [""0.0600"", ""5.00""], [""0.0800"", ""15.00""], [""0.1100"", ""2.00""], [""0.1500"", ""59.34""], [""0.1600"", ""30.00""], [""0.2000"", ""16.00""], [""0.2100"", ""39.00""], [""0.2600"", ""32.00""], [""0.2700"", ""7.00""], [""0.3000"", ""43.00""], [""0.3100"", ""1.00""], [""0.3600"", ""1.00""], [""0.4600"", ""1.00""], [""0.6400"", ""9.00""], [""0.6800"", ""1450.00""], [""0.6900"", ""250.00""]]",98,50,"{""orderbook"": {""orderbook_fp"": {""no_dollars"": [[""0.0100"", ""368.00""], [""0.0200"", ""15030.00""], [""0.0300"", ""15.00""], [""0.0400"", ""35.00""], [""0.0500"", ""10.00""], [""0.0600"", ""5.00""], [""0.0800"", ""15.00""], [""0.1100"", ""2.00""], [""0.1500"", ""59.34""], [""0.1600"", ""30.00""], [""0.2000"", ""16.00""], [""0.2100"", ""39.00""], [""0.2600"", ""32.00""], [""0.2700"", ""7.00""], [""0.3000"", ""43.00""], [""0.3100"", ""1.00""], [""0.3600"", ""1.00""], [""0.4600"", ""1.00""], [""0.6400"", ""9.00""], [""0.6800"", ""1450.00""], [""0.6900"", ""250.00""]], ""yes_dollars"": [[""0.0100"", ""300.00""], [""0.0200"", ""3.00""], [""0.0400"", ""35.00""], [""0.0500"", ""25.00""]]}}}",KXMLBF5SPREAD-26JUN161845KCWSH,mlb,WSH,KC,,f5_spread,1,99,1,99,26,,,rest_batch
1729624,KXMLBF5SPREAD-26JUN161845KCWSH-KC3,2026-06-16T23:46:44.857079+00:00,"[[""0.0100"", ""309.90""]]","[[""0.0100"", ""363.00""], [""0.0200"", ""16000.00""], [""0.0300"", ""15.00""], [""0.0400"", ""35.00""], [""0.0500"", ""42.00""], [""0.0600"", ""2.00""], [""0.0800"", ""15.00""], [""0.1100"", ""2.00""], [""0.1600"", ""27.00""], [""0.2000"", ""16.00""], [""0.2100"", ""35.00""], [""0.2500"", ""23.20""], [""0.2600"", ""30.00""], [""0.3100"", ""28.00""], [""0.3600"", ""26.00""], [""0.3700"", ""3.00""], [""0.4600"", ""100.00""], [""0.5200"", ""181.00""], [""0.5300"", ""400.00""], [""0.7600"", ""45.00""], [""0.7700"", ""50.00""], [""0.7900"", ""2.00""]]",98,50,"{""orderbook"": {""orderbook_fp"": {""no_dollars"": [[""0.0100"", ""363.00""], [""0.0200"", ""16000.00""], [""0.0300"", ""15.00""], [""0.0400"", ""35.00""], [""0.0500"", ""42.00""], [""0.0600"", ""2.00""], [""0.0800"", ""15.00""], [""0.1100"", ""2.00""], [""0.1600"", ""27.00""], [""0.2000"", ""16.00""], [""0.2100"", ""35.00""], [""0.2500"", ""23.20""], [""0.2600"", ""30.00""], [""0.3100"", ""28.00""], [""0.3600"", ""26.00""], [""0.3700"", ""3.00""], [""0.4600"", ""100.00""], [""0.5200"", ""181.00""], [""0.5300"", ""400.00""], [""0.7600"", ""45.00""], [""0.7700"", ""50.00""], [""0.7900"", ""2.00""]], ""yes_dollars"": [[""0.0100"", ""309.90""]]}}}",KXMLBF5SPREAD-26JUN161845KCWSH,mlb,WSH,KC,,f5_spread,1,99,1,99,15,,,rest_batch
1729625,KXMLBF5SPREAD-26JUN161845KCWSH-WSH2,2026-06-16T23:46:44.857079+00:00,"[[""0.0100"", ""55.00""], [""0.0200"", ""15000.00""], [""0.0300"", ""221.00""], [""0.0400"", ""231.00""], [""0.0500"", ""1043.00""], [""0.1600"", ""19.00""], [""0.2200"", ""55.00""], [""0.2600"", ""19.00""], [""0.3600"", ""9.00""], [""0.4000"", ""25.00""], [""0.4400"", ""110.00""], [""0.4500"", ""400.00""], [""0.4600"", ""2.71""], [""0.4700"", ""7.00""], [""0.4900"", ""24.00""], [""0.5000"", ""59.00""]]","[[""0.0100"", ""368.00""], [""0.0200"", ""16519.52""], [""0.0300"", ""45.00""], [""0.1000"", ""25.00""], [""0.1100"", ""46.00""], [""0.1300"", ""23.00""], [""0.1400"", ""46.00""], [""0.1500"", ""18.00""], [""0.1600"", ""58.00""]]",98,50,"{""orderbook"": {""orderbook_fp"": {""no_dollars"": [[""0.0100"", ""368.00""], [""0.0200"", ""16519.52""], [""0.0300"", ""45.00""], [""0.1000"", ""25.00""], [""0.1100"", ""46.00""], [""0.1300"", ""23.00""], [""0.1400"", ""46.00""], [""0.1500"", ""18.00""], [""0.1600"", ""58.00""]], ""yes_dollars"": [[""0.0100"", ""55.00""], [""0.0200"", ""15000.00""], [""0.0300"", ""221.00""], [""0.0400"", ""231.00""], [""0.0500"", ""1043.00""], [""0.1600"", ""19.00""], [""0.2200"", ""55.00""], [""0.2600"", ""19.00""], [""0.3600"", ""9.00""], [""0.4000"", ""25.00""], [""0.4400"", ""110.00""], [""0.4500"", ""400.00""], [""0.4600"", ""2.71""], [""0.4700"", ""7.00""], [""0.4900"", ""24.00""], [""0.5000"", ""59.00""]]}}}",KXMLBF5SPREAD-26JUN161845KCWSH,mlb,WSH,KC,,f5_spread,1,99,1,99,34,,,rest_batch
1729626,KXMLBF5SPREAD-26JUN161845KCWSH-WSH3,2026-06-16T23:46:44.857079+00:00,"[[""0.0100"", ""310.00""], [""0.0200"", ""16075.00""], [""0.0300"", ""163.00""], [""0.0400"", ""35.00""], [""0.0500"", ""30.00""], [""0.0600"", ""10.00""], [""0.0800"", ""1.00""], [""0.1500"", ""1.00""], [""0.1600"", ""58.00""], [""0.1700"", ""233.51""], [""0.2400"", ""9.00""], [""0.2500"", ""12.00""]]","[[""0.0100"", ""363.00""], [""0.0200"", ""16000.00""], [""0.0300"", ""195.00""], [""0.0400"", ""435.00""], [""0.0500"", ""2.00""], [""0.0600"", ""35.00""], [""0.0800"", ""15.00""], [""0.1100"", ""2.00""], [""0.1300"", ""17.55""], [""0.1600"", ""31.00""], [""0.2100"", ""37.00""], [""0.2600"", ""34.00""], [""0.2700"", ""50.00""], [""0.2800"", ""8.00""], [""0.2900"", ""12.00""]]",98,50,"{""orderbook"": {""orderbook_fp"": {""no_dollars"": [[""0.0100"", ""363.00""], [""0.0200"", ""16000.00""], [""0.0300"", ""195.00""], [""0.0400"", ""435.00""], [""0.0500"", ""2.00""], [""0.0600"", ""35.00""], [""0.0800"", ""15.00""], [""0.1100"", ""2.00""], [""0.1300"", ""17.55""], [""0.1600"", ""31.00""], [""0.2100"", ""37.00""], [""0.2600"", ""34.00""], [""0.2700"", ""50.00""], [""0.2800"", ""8.00""], [""0.2900"", ""12.00""]], ""yes_dollars"": [[""0.0100"", ""310.00""], [""0.0200"", ""16075.00""], [""0.0300"", ""163.00""], [""0.0400"", ""35.00""], [""0.0500"", ""30.00""], [""0.0600"", ""10.00""], [""0.0800"", ""1.00""], [""0.1500"", ""1.00""], [""0.1600"", ""58.00""], [""0.1700"", ""233.51""], [""0.2400"", ""9.00""], [""0.2500"", ""12.00""]]}}}",KXMLBF5SPREAD-26JUN161845KCWSH,mlb,WSH,KC,,f5_spread,1,99,1,99,22,,,rest_batch
1729627,KXMLBF5SPREAD-26JUN161845TORBOS-BOS2,2026-06-16T23:46:44.857079+00:00,"[[""0.0100"", ""300.00""], [""0.0200"", ""16403.00""], [""0.0400"", ""35.00""], [""0.0500"", ""40.00""], [""0.0600"", ""20.00""], [""0.1500"", ""93.00""], [""0.1700"", ""1.00""]]","[[""0.0100"", ""363.00""], [""0.0200"", ""15205.00""], [""0.0300"", ""1415.00""], [""0.0400"", ""35.00""], [""0.0500"", ""10.00""], [""0.0600"", ""5.00""], [""0.0800"", ""15.00""], [""0.0900"", ""22.00""], [""0.1100"", ""2.00""], [""0.1600"", ""17.00""], [""0.2100"", ""22.00""], [""0.2600"", ""19.00""], [""0.3100"", ""1.00""], [""0.3300"", ""1.00""], [""0.3500"", ""3.00""], [""0.4500"", ""43.00""], [""0.4600"", ""50.00""], [""0.6200"", ""7.00""], [""0.6400"", ""1.00""]]",98,50,"{""orderbook"": {""orderbook_fp"": {""no_dollars"": [[""0.0100"", ""363.00""], [""0.0200"", ""15205.00""], [""0.0300"", ""1415.00""], [""0.0400"", ""35.00""], [""0.0500"", ""10.00""], [""0.0600"", ""5.00""], [""0.0800"", ""15.00""], [""0.0900"", ""22.00""], [""0.1100"", ""2.00""], [""0.1600"", ""17.00""], [""0.2100"", ""22.00""], [""0.2600"", ""19.00""], [""0.3100"", ""1.00""], [""0.3300"", ""1.00""], [""0.3500"", ""3.00""], [""0.4500"", ""43.00""], [""0.4600"", ""50.00""], [""0.6200"", ""7.00""], [""0.6400"", ""1.00""]], ""yes_dollars"": [[""0.0100"", ""300.00""], [""0.0200"", ""16403.00""], [""0.0400"", ""35.00""], [""0.0500"", ""40.00""], [""0.0600"", ""20.00""], [""0.1500"", ""93.00""], [""0.1700"", ""1.00""]]}}}",KXMLBF5SPREAD-26JUN161845TORBOS,mlb,BOS,TOR,,f5_spread,1,99,1,99,27,,,rest_batch
1729628,KXMLBF5SPREAD-26JUN161845TORBOS-BOS3,2026-06-16T23:46:44.857079+00:00,"[[""0.0100"", ""310.00""], [""0.0200"", ""1075.00""], [""0.0300"", ""402.00""], [""0.0400"", ""35.00""], [""0.0500"", ""30.00""], [""0.0600"", ""60.00""], [""0.0800"", ""45.00""], [""0.1300"", ""1.00""]]","[[""0.0100"", ""358.00""], [""0.0200"", ""16000.00""], [""0.0300"", ""115.00""], [""0.0400"", ""435.00""], [""0.0500"", ""2.00""], [""0.0600"", ""2.00""], [""0.0800"", ""15.00""], [""0.1100"", ""2.00""], [""0.1600"", ""17.00""], [""0.2100"", ""22.00""], [""0.2600"", ""20.00""], [""0.3100"", ""18.00""], [""0.3600"", ""17.00""], [""0.3700"", ""3.00""], [""0.5900"", ""42.00""], [""0.6000"", ""50.00""], [""0.6200"", ""1.00""]]",98,50,"{""orderbook"": {""orderbook_fp"": {""no_dollars"": [[""0.0100"", ""358.00""], [""0.0200"", ""16000.00""], [""0.0300"", ""115.00""], [""0.0400"", ""435.00""], [""0.0500"", ""2.00""], [""0.0600"", ""2.00""], [""0.0800"", ""15.00""], [""0.1100"", ""2.00""], [""0.1600"", ""17.00""], [""0.2100"", ""22.00""], [""0.2600"", ""20.00""], [""0.3100"", ""18.00""], [""0.3600"", ""17.00""], [""0.3700"", ""3.00""], [""0.5900"", ""42.00""], [""0.6000"", ""50.00""], [""0.6200"", ""1.00""]], ""yes_dollars"": [[""0.0100"", ""310.00""], [""0.0200"", ""1075.00""], [""0.0300"", ""402.00""], [""0.0400"", ""35.00""], [""0.0500"", ""30.00""], [""0.0600"", ""60.00""], [""0.0800"", ""45.00""], [""0.1300"", ""1.00""]]}}}",KXMLBF5SPREAD-26JUN161845TORBOS,mlb,BOS,TOR,,f5_spread,1,99,1,99,,,,rest_batch
1729629,KXMLBF5SPREAD-26JUN161845TORBOS-TOR2,2026-06-16T23:46:44.857079+00:00,"[[""0.0100"", ""300.00""], [""0.0200"", ""16403.10""], [""0.0400"", ""35.00""], [""0.0500"", ""40.00""], [""0.0600"", ""20.00""], [""0.1500"", ""1.00""], [""0.2300"", ""90.00""]]","[[""0.0100"", ""363.00""], [""0.0200"", ""16430.10""], [""0.0300"", ""15.00""], [""0.0400"", ""35.00""], [""0.0500"", ""10.00""], [""0.0600"", ""5.00""], [""0.0800"", ""15.00""], [""0.1100"", ""20.00""], [""0.1600"", ""17.00""], [""0.2100"", ""22.00""], [""0.2600"", ""19.00""], [""0.5400"", ""42.00""], [""0.5500"", ""50.00""]]",98,50,"{""orderbook"": {""orderbook_fp"": {""no_dollars"": [[""0.0100"", ""363.00""], [""0.0200"", ""16430.10""], [""0.0300"", ""15.00""], [""0.0400"", ""35.00""], [""0.0500"", ""10.00""], [""0.0600"", ""5.00""], [""0.0800"", ""15.00""], [""0.1100"", ""20.00""], [""0.1600"", ""17.00""], [""0.2100"", ""22.00""], [""0.2600"", ""19.00""], [""0.5400"", ""42.00""], [""0.5500"", ""50.00""]], ""yes_dollars"": [[""0.0100"", ""300.00""], [""0.0200"", ""16403.10""], [""0.0400"", ""35.00""], [""0.0500"", ""40.00""], [""0.0600"", ""20.00""], [""0.1500"", ""1.00""], [""0.2300"", ""90.00""]]}}}",KXMLBF5SPREAD-26JUN161845TORBOS,mlb,BOS,TOR,,f5_spread,1,99,1,99,27,,,rest_batch
1729630,KXMLBF5SPREAD-26JUN161845TORBOS-TOR3,2026-06-16T23:46:44.857079+00:00,"[[""0.0100"", ""310.00""], [""0.0200"", ""16075.00""], [""0.0300"", ""402.00""], [""0.0400"", ""35.00""], [""0.0500"", ""30.00""], [""0.0600"", ""10.00""], [""0.0800"", ""1.00""], [""0.1100"", ""95.00""]]","[[""0.0100"", ""358.00""], [""0.0200"", ""16400.00""], [""0.0300"", ""15.00""], [""0.0400"", ""35.00""], [""0.0500"", ""2.00""], [""0.0600"", ""2.00""], [""0.0800"", ""15.00""], [""0.1100"", ""2.00""], [""0.1600"", ""17.00""], [""0.2100"", ""22.00""], [""0.2600"", ""20.00""], [""0.3100"", ""18.00""], [""0.3600"", ""17.00""], [""0.3900"", ""3.00""], [""0.5900"", ""45.00""], [""0.6000"", ""50.00""], [""0.6500"", ""1.00""]]",98,50,"{""orderbook"": {""orderbook_fp"": {""no_dollars"": [[""0.0100"", ""358.00""], [""0.0200"", ""16400.00""], [""0.0300"", ""15.00""], [""0.0400"", ""35.00""], [""0.0500"", ""2.00""], [""0.0600"", ""2.00""], [""0.0800"", ""15.00""], [""0.1100"", ""2.00""], [""0.1600"", ""17.00""], [""0.2100"", ""22.00""], [""0.2600"", ""20.00""], [""0.3100"", ""18.00""], [""0.3600"", ""17.00""], [""0.3900"", ""3.00""], [""0.5900"", ""45.00""], [""0.6000"", ""50.00""], [""0.6500"", ""1.00""]], ""yes_dollars"": [[""0.0100"", ""310.00""], [""0.0200"", ""16075.00""], [""0.0300"", ""402.00""], [""0.0400"", ""35.00""], [""0.0500"", ""30.00""], [""0.0600"", ""10.00""], [""0.0800"", ""1.00""], [""0.1100"", ""95.00""]]}}}",KXMLBF5SPREAD-26JUN161845TORBOS,mlb,BOS,TOR,,f5_spread,1,99,1,99,,,,rest_batch
1729631,KXMLBF5SPREAD-26JUN161905CWSNYY-CWS2,2026-06-16T23:46:44.857079+00:00,"[[""0.0100"", ""15300.00""], [""0.0200"", ""1403.00""], [""0.0400"", ""35.00""], [""0.0500"", ""40.00""], [""0.0600"", ""20.00""], [""0.0800"", ""45.00""], [""0.0900"", ""52.00""], [""0.1500"", ""1.00""]]","[[""0.0100"", ""368.00""], [""0.0200"", ""16430.00""], [""0.0300"", ""15.00""], [""0.0400"", ""35.00""], [""0.0500"", ""10.00""], [""0.0600"", ""5.00""], [""0.0800"", ""15.00""], [""0.1100"", ""2.00""], [""0.1600"", ""18.00""], [""0.1800"", ""8.55""], [""0.2100"", ""22.00""], [""0.2600"", ""20.00""], [""0.2700"", ""7.00""], [""0.3100"", ""1.00""], [""0.3300"", ""6.45""], [""0.3600"", ""1.00""], [""0.4600"", ""1.00""], [""0.5600"", ""1.00""], [""0.6500"", ""43.00""], [""0.6600"", ""50.00""], [""0.7600"", ""2.00""]]",98,50,"{""orderbook"": {""orderbook_fp"": {""no_dollars"": [[""0.0100"", ""368.00""], [""0.0200"", ""16430.00""], [""0.0300"", ""15.00""], [""0.0400"", ""35.00""], [""0.0500"", ""10.00""], [""0.0600"", ""5.00""], [""0.0800"", ""15.00""], [""0.1100"", ""2.00""], [""0.1600"", ""18.00""], [""0.1800"", ""8.55""], [""0.2100"", ""22.00""], [""0.2600"", ""20.00""], [""0.2700"", ""7.00""], [""0.3100"", ""1.00""], [""0.3300"", ""6.45""], [""0.3600"", ""1.00""], [""0.4600"", ""1.00""], [""0.5600"", ""1.00""], [""0.6500"", ""43.00""], [""0.6600"", ""50.00""], [""0.7600"", ""2.00""]], ""yes_dollars"": [[""0.0100"", ""15300.00""], [""0.0200"", ""1403.00""], [""0.0400"", ""35.00""], [""0.0500"", ""40.00""], [""0.0600"", ""20.00""], [""0.0800"", ""45.00""], [""0.0900"", ""52.00""], [""0.1500"", ""1.00""]]}}}",KXMLBF5SPREAD-26JUN161905CWSNYY,mlb,NYY,CWS,,f5_spread,1,99,1,99,22,,,rest_batch
1729632,KXMLBF5SPREAD-26JUN161905CWSNYY-CWS3,2026-06-16T23:46:44.857079+00:00,"[[""0.0100"", ""310.00""], [""0.0200"", ""77.00""], [""0.0300"", ""402.00""], [""0.0400"", ""85.00""], [""0.0500"", ""30.00""], [""0.0600"", ""10.00""], [""0.0700"", ""44.00""], [""0.0800"", ""1.00""]]","[[""0.0100"", ""363.00""], [""0.0200"", ""16000.00""], [""0.0300"", ""15.00""], [""0.0400"", ""35.00""], [""0.0500"", ""114.00""], [""0.0600"", ""402.00""], [""0.0800"", ""15.00""], [""0.1100"", ""2.00""], [""0.1600"", ""17.00""], [""0.2100"", ""22.00""], [""0.2600"", ""20.00""], [""0.3100"", ""18.00""], [""0.3600"", ""17.00""], [""0.4200"", ""41.00""], [""0.4300"", ""50.00""], [""0.7300"", ""2.00""]]",98,50,"{""orderbook"": {""orderbook_fp"": {""no_dollars"": [[""0.0100"", ""363.00""], [""0.0200"", ""16000.00""], [""0.0300"", ""15.00""], [""0.0400"", ""35.00""], [""0.0500"", ""114.00""], [""0.0600"", ""402.00""], [""0.0800"", ""15.00""], [""0.1100"", ""2.00""], [""0.1600"", ""17.00""], [""0.2100"", ""22.00""], [""0.2600"", ""20.00""], [""0.3100"", ""18.00""], [""0.3600"", ""17.00""], [""0.4200"", ""41.00""], [""0.4300"", ""50.00""], [""0.7300"", ""2.00""]], ""yes_dollars"": [[""0.0100"", ""310.00""], [""0.0200"", ""77.00""], [""0.0300"", ""402.00""], [""0.0400"", ""85.00""], [""0.0500"", ""30.00""], [""0.0600"", ""10.00""], [""0.0700"", ""44.00""], [""0.0800"", ""1.00""]]}}}",KXMLBF5SPREAD-26JUN161905CWSNYY,mlb,NYY,CWS,,f5_spread,1,99,1,99,,,,rest_batch
1729633,KXMLBF5SPREAD-26JUN161905CWSNYY-NYY2,2026-06-16T23:46:44.857079+00:00,"[[""0.0100"", ""300.00""], [""0.0200"", ""16003.00""], [""0.0400"", ""35.00""], [""0.0500"", ""40.00""], [""0.0600"", ""20.00""], [""0.0700"", ""179.00""], [""0.1500"", ""1.00""], [""0.2400"", ""2.00""], [""0.2700"", ""93.00""], [""0.2900"", ""1.00""]]","[[""0.0100"", ""368.00""], [""0.0200"", ""16030.00""], [""0.0300"", ""15.00""], [""0.0400"", ""35.00""], [""0.0500"", ""50.00""], [""0.0600"", ""5.00""], [""0.0800"", ""15.00""], [""0.0900"", ""45.00""], [""0.1100"", ""131.00""], [""0.1200"", ""400.00""], [""0.1600"", ""17.00""], [""0.2100"", ""22.00""], [""0.2600"", ""19.00""], [""0.2700"", ""49.00""], [""0.3100"", ""1.00""], [""0.3600"", ""1.00""], [""0.4700"", ""1.00""], [""0.4900"", ""50.00""], [""0.6500"", ""2.00""]]",98,50,"{""orderbook"": {""orderbook_fp"": {""no_dollars"": [[""0.0100"", ""368.00""], [""0.0200"", ""16030.00""], [""0.0300"", ""15.00""], [""0.0400"", ""35.00""], [""0.0500"", ""50.00""], [""0.0600"", ""5.00""], [""0.0800"", ""15.00""], [""0.0900"", ""45.00""], [""0.1100"", ""131.00""], [""0.1200"", ""400.00""], [""0.1600"", ""17.00""], [""0.2100"", ""22.00""], [""0.2600"", ""19.00""], [""0.2700"", ""49.00""], [""0.3100"", ""1.00""], [""0.3600"", ""1.00""], [""0.4700"", ""1.00""], [""0.4900"", ""50.00""], [""0.6500"", ""2.00""]], ""yes_dollars"": [[""0.0100"", ""300.00""], [""0.0200"", ""16003.00""], [""0.0400"", ""35.00""], [""0.0500"", ""40.00""], [""0.0600"", ""20.00""], [""0.0700"", ""179.00""], [""0.1500"", ""1.00""], [""0.2400"", ""2.00""], [""0.2700"", ""93.00""], [""0.2900"", ""1.00""]]}}}",KXMLBF5SPREAD-26JUN161905CWSNYY,mlb,NYY,CWS,,f5_spread,1,99,1,99,33,,,rest_batch
1729634,KXMLBF5SPREAD-26JUN161905CWSNYY-NYY3,2026-06-16T23:46:44.857079+00:00,"[[""0.0100"", ""310.00""], [""0.0200"", ""16075.00""], [""0.0300"", ""402.00""], [""0.0400"", ""35.00""], [""0.0500"", ""30.00""], [""0.0600"", ""10.00""], [""0.0800"", ""1.00""], [""0.0900"", ""1.00""], [""0.1100"", ""2.00""], [""0.1200"", ""45.00""], [""0.1300"", ""50.00""]]","[[""0.0100"", ""363.00""], [""0.0200"", ""16000.00""], [""0.0300"", ""15.00""], [""0.0400"", ""35.00""], [""0.0500"", ""42.00""], [""0.0600"", ""2.00""], [""0.0700"", ""156.00""], [""0.0800"", ""415.00""], [""0.1100"", ""2.00""], [""0.1600"", ""17.00""], [""0.2100"", ""22.00""], [""0.2600"", ""20.00""], [""0.3100"", ""2.00""], [""0.3300"", ""43.00""], [""0.3400"", ""50.00""], [""0.3600"", ""1.00""], [""0.3700"", ""7.00""]]",98,50,"{""orderbook"": {""orderbook_fp"": {""no_dollars"": [[""0.0100"", ""363.00""], [""0.0200"", ""16000.00""], [""0.0300"", ""15.00""], [""0.0400"", ""35.00""], [""0.0500"", ""42.00""], [""0.0600"", ""2.00""], [""0.0700"", ""156.00""], [""0.0800"", ""415.00""], [""0.1100"", ""2.00""], [""0.1600"", ""17.00""], [""0.2100"", ""22.00""], [""0.2600"", ""20.00""], [""0.3100"", ""2.00""], [""0.3300"", ""43.00""], [""0.3400"", ""50.00""], [""0.3600"", ""1.00""], [""0.3700"", ""7.00""]], ""yes_dollars"": [[""0.0100"", ""310.00""], [""0.0200"", ""16075.00""], [""0.0300"", ""402.00""], [""0.0400"", ""35.00""], [""0.0500"", ""30.00""], [""0.0600"", ""10.00""], [""0.0800"", ""1.00""], [""0.0900"", ""1.00""], [""0.1100"", ""2.00""], [""0.1200"", ""45.00""], [""0.1300"", ""50.00""]]}}}",KXMLBF5SPREAD-26JUN161905CWSNYY,mlb,NYY,CWS,,f5_spread,1,99,1,99,,,,rest_batch
1729635,KXMLBF5SPREAD-26JUN161910NYMCIN-CIN2,2026-06-16T23:46:44.857079+00:00,"[[""0.0100"", ""300.00""], [""0.0200"", ""15003.00""], [""0.0400"", ""35.00""], [""0.0500"", ""40.00""], [""0.0600"", ""20.00""], [""0.1500"", ""1.00""], [""0.1600"", ""19.00""], [""0.1800"", ""1.00""], [""0.2100"", ""1.00""], [""0.2600"", ""23.00""], [""0.2700"", ""43.00""], [""0.3600"", ""10.00""], [""0.4200"", ""6.00""], [""0.4400"", ""10.00""]]","[[""0.0100"", ""363.00""], [""0.0200"", ""16430.00""], [""0.0300"", ""15.00""], [""0.0400"", ""35.00""], [""0.0500"", ""10.00""], [""0.0600"", ""5.00""], [""0.0800"", ""15.00""], [""0.0900"", ""8.00""], [""0.1300"", ""72.00""]]",98,50,"{""orderbook"": {""orderbook_fp"": {""no_dollars"": [[""0.0100"", ""363.00""], [""0.0200"", ""16430.00""], [""0.0300"", ""15.00""], [""0.0400"", ""35.00""], [""0.0500"", ""10.00""], [""0.0600"", ""5.00""], [""0.0800"", ""15.00""], [""0.0900"", ""8.00""], [""0.1300"", ""72.00""]], ""yes_dollars"": [[""0.0100"", ""300.00""], [""0.0200"", ""15003.00""], [""0.0400"", ""35.00""], [""0.0500"", ""40.00""], [""0.0600"", ""20.00""], [""0.1500"", ""1.00""], [""0.1600"", ""19.00""], [""0.1800"", ""1.00""], [""0.2100"", ""1.00""], [""0.2600"", ""23.00""], [""0.2700"", ""43.00""], [""0.3600"", ""10.00""], [""0.4200"", ""6.00""], [""0.4400"", ""10.00""]]}}}",KXMLBF5SPREAD-26JUN161910NYMCIN,mlb,CIN,NYM,,f5_spread,1,99,1,99,31,,,rest_batch
1729636,KXMLBF5SPREAD-26JUN161910NYMCIN-CIN3,2026-06-16T23:46:44.857079+00:00,"[[""0.0100"", ""310.00""], [""0.0200"", ""15075.00""], [""0.0300"", ""2.00""], [""0.0400"", ""35.00""], [""0.0500"", ""30.00""], [""0.0600"", ""10.00""], [""0.0800"", ""1.00""], [""0.1500"", ""1.00""], [""0.1600"", ""3.00""], [""0.1800"", ""1.00""], [""0.1900"", ""41.00""], [""0.2100"", ""1.00""], [""0.2600"", ""4.00""], [""0.3100"", ""1.00""], [""0.3600"", ""5.00""], [""0.4600"", ""4.00""], [""0.5600"", ""4.00""], [""0.6100"", ""400.00""], [""0.6200"", ""1426.00""], [""0.6300"", ""50.00""]]","[[""0.0100"", ""358.00""], [""0.0200"", ""16000.00""], [""0.0300"", ""81.00""], [""0.0400"", ""435.00""], [""0.0500"", ""2.00""], [""0.0600"", ""2.00""], [""0.0800"", ""15.00""], [""0.1100"", ""2.00""], [""0.1200"", ""5.44""], [""0.1600"", ""17.00""], [""0.2100"", ""22.00""], [""0.2300"", ""88.23""]]",98,50,"{""orderbook"": {""orderbook_fp"": {""no_dollars"": [[""0.0100"", ""358.00""], [""0.0200"", ""16000.00""], [""0.0300"", ""81.00""], [""0.0400"", ""435.00""], [""0.0500"", ""2.00""], [""0.0600"", ""2.00""], [""0.0800"", ""15.00""], [""0.1100"", ""2.00""], [""0.1200"", ""5.44""], [""0.1600"", ""17.00""], [""0.2100"", ""22.00""], [""0.2300"", ""88.23""]], ""yes_dollars"": [[""0.0100"", ""310.00""], [""0.0200"", ""15075.00""], [""0.0300"", ""2.00""], [""0.0400"", ""35.00""], [""0.0500"", ""30.00""], [""0.0600"", ""10.00""], [""0.0800"", ""1.00""], [""0.1500"", ""1.00""], [""0.1600"", ""3.00""], [""0.1800"", ""1.00""], [""0.1900"", ""41.00""], [""0.2100"", ""1.00""], [""0.2600"", ""4.00""], [""0.3100"", ""1.00""], [""0.3600"", ""5.00""], [""0.4600"", ""4.00""], [""0.5600"", ""4.00""], [""0.6100"", ""400.00""], [""0.6200"", ""1426.00""], [""0.6300"", ""50.00""]]}}}",KXMLBF5SPREAD-26JUN161910NYMCIN,mlb,CIN,NYM,,f5_spread,1,99,1,99,22,,,rest_batch
1729637,KXMLBF5SPREAD-26JUN161910NYMCIN-NYM2,2026-06-16T23:46:44.857079+00:00,"[[""0.0100"", ""750.00""], [""0.0200"", ""3.00""], [""0.0400"", ""35.00""], [""0.0500"", ""40.00""], [""0.0600"", ""8.07""], [""0.0700"", ""1.00""]]","[[""0.0100"", ""363.00""], [""0.0200"", ""15030.00""], [""0.0300"", ""15.00""], [""0.0400"", ""35.00""], [""0.0500"", ""10.00""], [""0.0600"", ""5.00""], [""0.0800"", ""15.00""], [""0.1100"", ""2.00""], [""0.1600"", ""17.00""], [""0.2000"", ""16.00""], [""0.2100"", ""22.00""], [""0.2600"", ""19.00""], [""0.3100"", ""1.00""], [""0.3300"", ""8.00""], [""0.3600"", ""1.00""], [""0.3700"", ""3.00""], [""0.4900"", ""5.00""], [""0.5000"", ""42.00""], [""0.8800"", ""250.00""]]",98,50,"{""orderbook"": {""orderbook_fp"": {""no_dollars"": [[""0.0100"", ""363.00""], [""0.0200"", ""15030.00""], [""0.0300"", ""15.00""], [""0.0400"", ""35.00""], [""0.0500"", ""10.00""], [""0.0600"", ""5.00""], [""0.0800"", ""15.00""], [""0.1100"", ""2.00""], [""0.1600"", ""17.00""], [""0.2000"", ""16.00""], [""0.2100"", ""22.00""], [""0.2600"", ""19.00""], [""0.3100"", ""1.00""], [""0.3300"", ""8.00""], [""0.3600"", ""1.00""], [""0.3700"", ""3.00""], [""0.4900"", ""5.00""], [""0.5000"", ""42.00""], [""0.8800"", ""250.00""]], ""yes_dollars"": [[""0.0100"", ""750.00""], [""0.0200"", ""3.00""], [""0.0400"", ""35.00""], [""0.0500"", ""40.00""], [""0.0600"", ""8.07""], [""0.0700"", ""1.00""]]}}}",KXMLBF5SPREAD-26JUN161910NYMCIN,mlb,CIN,NYM,,f5_spread,1,99,1,99,32,,,rest_batch
1729638,KXMLBF5SPREAD-26JUN161910NYMCIN-NYM3,2026-06-16T23:46:44.857079+00:00,"[[""0.0100"", ""310.00""], [""0.0200"", ""75.00""], [""0.0300"", ""41.96""]]","[[""0.0100"", ""358.00""], [""0.0200"", ""15000.00""], [""0.0300"", ""15.00""], [""0.0400"", ""35.00""], [""0.0500"", ""2.00""], [""0.0600"", ""2.00""], [""0.0800"", ""40.00""], [""0.0900"", ""161.00""], [""0.1100"", ""2.00""], [""0.1600"", ""17.00""], [""0.2000"", ""16.00""], [""0.2100"", ""22.00""], [""0.2600"", ""20.00""], [""0.2700"", ""45.00""], [""0.3100"", ""2.00""], [""0.3600"", ""1.00""], [""0.4600"", ""1.00""], [""0.5300"", ""3.00""], [""0.7500"", ""1.00""], [""0.7600"", ""250.00""]]",98,50,"{""orderbook"": {""orderbook_fp"": {""no_dollars"": [[""0.0100"", ""358.00""], [""0.0200"", ""15000.00""], [""0.0300"", ""15.00""], [""0.0400"", ""35.00""], [""0.0500"", ""2.00""], [""0.0600"", ""2.00""], [""0.0800"", ""40.00""], [""0.0900"", ""161.00""], [""0.1100"", ""2.00""], [""0.1600"", ""17.00""], [""0.2000"", ""16.00""], [""0.2100"", ""22.00""], [""0.2600"", ""20.00""], [""0.2700"", ""45.00""], [""0.3100"", ""2.00""], [""0.3600"", ""1.00""], [""0.4600"", ""1.00""], [""0.5300"", ""3.00""], [""0.7500"", ""1.00""], [""0.7600"", ""250.00""]], ""yes_dollars"": [[""0.0100"", ""310.00""], [""0.0200"", ""75.00""], [""0.0300"", ""41.96""]]}}}",KXMLBF5SPREAD-26JUN161910NYMCIN,mlb,CIN,NYM,,f5_spread,1,99,1,99,,,,rest_batch
1729639,KXMLBF5SPREAD-26JUN161915SFATL-ATL2,2026-06-16T23:46:44.857079+00:00,"[[""0.0100"", ""301.85""], [""0.0200"", ""16171.00""], [""0.0400"", ""35.00""], [""0.0500"", ""40.00""], [""0.0600"", ""20.00""], [""0.0700"", ""18.00""], [""0.0900"", ""25.00""], [""0.1000"", ""25.00""], [""0.1500"", ""1.00""], [""0.1700"", ""7.00""], [""0.1800"", ""1.00""], [""0.1900"", ""10.00""], [""0.2100"", ""1.00""], [""0.3400"", ""60.00""], [""0.3500"", ""450.00""]]","[[""0.0100"", ""368.00""], [""0.0200"", ""16030.00""], [""0.0300"", ""194.00""], [""0.0400"", ""35.00""], [""0.0500"", ""50.00""], [""0.0600"", ""405.00""], [""0.0800"", ""15.00""], [""0.0900"", ""45.00""], [""0.1000"", ""45.00""], [""0.1100"", ""2.00""], [""0.1600"", ""17.00""], [""0.2100"", ""24.00""], [""0.2500"", ""45.00""], [""0.2600"", ""19.00""], [""0.2700"", ""21.00""], [""0.2800"", ""25.00""], [""0.3400"", ""18.00""], [""0.3500"", ""50.00""]]",98,50,"{""orderbook"": {""orderbook_fp"": {""no_dollars"": [[""0.0100"", ""368.00""], [""0.0200"", ""16030.00""], [""0.0300"", ""194.00""], [""0.0400"", ""35.00""], [""0.0500"", ""50.00""], [""0.0600"", ""405.00""], [""0.0800"", ""15.00""], [""0.0900"", ""45.00""], [""0.1000"", ""45.00""], [""0.1100"", ""2.00""], [""0.1600"", ""17.00""], [""0.2100"", ""24.00""], [""0.2500"", ""45.00""], [""0.2600"", ""19.00""], [""0.2700"", ""21.00""], [""0.2800"", ""25.00""], [""0.3400"", ""18.00""], [""0.3500"", ""50.00""]], ""yes_dollars"": [[""0.0100"", ""301.85""], [""0.0200"", ""16171.00""], [""0.0400"", ""35.00""], [""0.0500"", ""40.00""], [""0.0600"", ""20.00""], [""0.0700"", ""18.00""], [""0.0900"", ""25.00""], [""0.1000"", ""25.00""], [""0.1500"", ""1.00""], [""0.1700"", ""7.00""], [""0.1800"", ""1.00""], [""0.1900"", ""10.00""], [""0.2100"", ""1.00""], [""0.3400"", ""60.00""], [""0.3500"", ""450.00""]]}}}",KXMLBF5SPREAD-26JUN161915SFATL,mlb,ATL,SF,,f5_spread,1,99,1,99,38,,,rest_batch
1729640,KXMLBF5SPREAD-26JUN161915SFATL-ATL3,2026-06-16T23:46:44.857079+00:00,"[[""0.0100"", ""310.00""], [""0.0200"", ""16075.00""], [""0.0300"", ""163.00""], [""0.0400"", ""435.00""], [""0.0500"", ""30.00""], [""0.0600"", ""10.00""], [""0.0800"", ""1.00""], [""0.1500"", ""1.00""], [""0.1600"", ""7.00""], [""0.1800"", ""45.00""], [""0.1900"", ""50.00""]]","[[""0.0100"", ""363.00""], [""0.0200"", ""16000.00""], [""0.0300"", ""15.00""], [""0.0400"", ""35.00""], [""0.0500"", ""42.00""], [""0.0600"", ""156.00""], [""0.0800"", ""61.00""], [""0.0900"", ""400.00""], [""0.1100"", ""2.00""], [""0.1600"", ""17.00""], [""0.2100"", ""24.00""], [""0.2600"", ""20.00""], [""0.3100"", ""2.00""], [""0.3600"", ""1.00""], [""0.3700"", ""7.00""], [""0.3900"", ""43.00""], [""0.4000"", ""50.00""]]",98,50,"{""orderbook"": {""orderbook_fp"": {""no_dollars"": [[""0.0100"", ""363.00""], [""0.0200"", ""16000.00""], [""0.0300"", ""15.00""], [""0.0400"", ""35.00""], [""0.0500"", ""42.00""], [""0.0600"", ""156.00""], [""0.0800"", ""61.00""], [""0.0900"", ""400.00""], [""0.1100"", ""2.00""], [""0.1600"", ""17.00""], [""0.2100"", ""24.00""], [""0.2600"", ""20.00""], [""0.3100"", ""2.00""], [""0.3600"", ""1.00""], [""0.3700"", ""7.00""], [""0.3900"", ""43.00""], [""0.4000"", ""50.00""]], ""yes_dollars"": [[""0.0100"", ""310.00""], [""0.0200"", ""16075.00""], [""0.0300"", ""163.00""], [""0.0400"", ""435.00""], [""0.0500"", ""30.00""], [""0.0600"", ""10.00""], [""0.0800"", ""1.00""], [""0.1500"", ""1.00""], [""0.1600"", ""7.00""], [""0.1800"", ""45.00""], [""0.1900"", ""50.00""]]}}}",KXMLBF5SPREAD-26JUN161915SFATL,mlb,ATL,SF,,f5_spread,1,99,1,99,25,,,rest_batch
1729641,KXMLBF5SPREAD-26JUN161915SFATL-SF2,2026-06-16T23:46:44.857079+00:00,"[[""0.0100"", ""300.00""], [""0.0200"", ""16403.00""], [""0.0400"", ""35.00""], [""0.0500"", ""40.00""], [""0.0600"", ""20.00""], [""0.1500"", ""96.00""]]","[[""0.0100"", ""368.00""], [""0.0200"", ""16030.00""], [""0.0300"", ""15.00""], [""0.0400"", ""35.00""], [""0.0500"", ""180.00""], [""0.0600"", ""405.00""], [""0.0800"", ""15.00""], [""0.0900"", ""22.00""], [""0.1100"", ""2.00""], [""0.1600"", ""17.00""], [""0.2100"", ""24.00""], [""0.2500"", ""32.56""], [""0.2600"", ""19.00""], [""0.3100"", ""1.00""], [""0.3300"", ""24.00""], [""0.3600"", ""1.00""], [""0.4600"", ""45.00""], [""0.4700"", ""50.00""], [""0.5800"", ""3.00""], [""0.7400"", ""1.00""]]",98,50,"{""orderbook"": {""orderbook_fp"": {""no_dollars"": [[""0.0100"", ""368.00""], [""0.0200"", ""16030.00""], [""0.0300"", ""15.00""], [""0.0400"", ""35.00""], [""0.0500"", ""180.00""], [""0.0600"", ""405.00""], [""0.0800"", ""15.00""], [""0.0900"", ""22.00""], [""0.1100"", ""2.00""], [""0.1600"", ""17.00""], [""0.2100"", ""24.00""], [""0.2500"", ""32.56""], [""0.2600"", ""19.00""], [""0.3100"", ""1.00""], [""0.3300"", ""24.00""], [""0.3600"", ""1.00""], [""0.4600"", ""45.00""], [""0.4700"", ""50.00""], [""0.5800"", ""3.00""], [""0.7400"", ""1.00""]], ""yes_dollars"": [[""0.0100"", ""300.00""], [""0.0200"", ""16403.00""], [""0.0400"", ""35.00""], [""0.0500"", ""40.00""], [""0.0600"", ""20.00""], [""0.1500"", ""96.00""]]}}}",KXMLBF5SPREAD-26JUN161915SFATL,mlb,ATL,SF,,f5_spread,1,99,1,99,24,,,rest_batch
1729642,KXMLBF5SPREAD-26JUN161915SFATL-SF3,2026-06-16T23:46:44.857079+00:00,"[[""0.0100"", ""310.00""], [""0.0200"", ""1075.00""], [""0.0300"", ""402.00""], [""0.0400"", ""35.00""], [""0.0500"", ""30.00""], [""0.0600"", ""10.00""], [""0.0800"", ""90.93""]]","[[""0.0100"", ""363.00""], [""0.0200"", ""16172.00""], [""0.0300"", ""415.00""], [""0.0400"", ""35.00""], [""0.0500"", ""2.00""], [""0.0600"", ""2.00""], [""0.0800"", ""15.00""], [""0.1100"", ""2.00""], [""0.1600"", ""17.00""], [""0.1700"", ""8.10""], [""0.2100"", ""24.00""], [""0.2600"", ""20.00""], [""0.3100"", ""17.00""], [""0.3600"", ""16.00""], [""0.3800"", ""5.00""], [""0.5100"", ""40.00""], [""0.5200"", ""50.00""], [""0.7000"", ""1.00""]]",98,50,"{""orderbook"": {""orderbook_fp"": {""no_dollars"": [[""0.0100"", ""363.00""], [""0.0200"", ""16172.00""], [""0.0300"", ""415.00""], [""0.0400"", ""35.00""], [""0.0500"", ""2.00""], [""0.0600"", ""2.00""], [""0.0800"", ""15.00""], [""0.1100"", ""2.00""], [""0.1600"", ""17.00""], [""0.1700"", ""8.10""], [""0.2100"", ""24.00""], [""0.2600"", ""20.00""], [""0.3100"", ""17.00""], [""0.3600"", ""16.00""], [""0.3800"", ""5.00""], [""0.5100"", ""40.00""], [""0.5200"", ""50.00""], [""0.7000"", ""1.00""]], ""yes_dollars"": [[""0.0100"", ""310.00""], [""0.0200"", ""1075.00""], [""0.0300"", ""402.00""], [""0.0400"", ""35.00""], [""0.0500"", ""30.00""], [""0.0600"", ""10.00""], [""0.0800"", ""90.93""]]}}}",KXMLBF5SPREAD-26JUN161915SFATL,mlb,ATL,SF,,f5_spread,1,99,1,99,,,,rest_batch
1729643,KXMLBF5SPREAD-26JUN161940CLEMIL-CLE2,2026-06-16T23:46:44.857079+00:00,"[[""0.0100"", ""471.00""], [""0.0200"", ""15003.00""], [""0.0400"", ""35.00""], [""0.0500"", ""40.00""], [""0.0600"", ""20.00""], [""0.0700"", ""8000.00""], [""0.0800"", ""1900.00""], [""0.1600"", ""95.00""]]","[[""0.0100"", ""368.00""], [""0.0200"", ""15030.00""], [""0.0300"", ""15.00""], [""0.0400"", ""35.00""], [""0.0500"", ""10.00""], [""0.0600"", ""153.00""], [""0.0700"", ""45.00""], [""0.0800"", ""15.00""], [""0.1100"", ""2.00""], [""0.1600"", ""17.00""], [""0.2100"", ""24.00""], [""0.2600"", ""19.00""], [""0.3100"", ""1.00""], [""0.3600"", ""1.00""], [""0.4500"", ""38.00""], [""0.6000"", ""20000.00""], [""0.6900"", ""9000.00""], [""0.7000"", ""43.00""], [""0.7600"", ""200.00""], [""0.7700"", ""2450.00""]]",98,50,"{""orderbook"": {""orderbook_fp"": {""no_dollars"": [[""0.0100"", ""368.00""], [""0.0200"", ""15030.00""], [""0.0300"", ""15.00""], [""0.0400"", ""35.00""], [""0.0500"", ""10.00""], [""0.0600"", ""153.00""], [""0.0700"", ""45.00""], [""0.0800"", ""15.00""], [""0.1100"", ""2.00""], [""0.1600"", ""17.00""], [""0.2100"", ""24.00""], [""0.2600"", ""19.00""], [""0.3100"", ""1.00""], [""0.3600"", ""1.00""], [""0.4500"", ""38.00""], [""0.6000"", ""20000.00""], [""0.6900"", ""9000.00""], [""0.7000"", ""43.00""], [""0.7600"", ""200.00""], [""0.7700"", ""2450.00""]], ""yes_dollars"": [[""0.0100"", ""471.00""], [""0.0200"", ""15003.00""], [""0.0400"", ""35.00""], [""0.0500"", ""40.00""], [""0.0600"", ""20.00""], [""0.0700"", ""8000.00""], [""0.0800"", ""1900.00""], [""0.1600"", ""95.00""]]}}}",KXMLBF5SPREAD-26JUN161940CLEMIL,mlb,MIL,CLE,,f5_spread,1,99,1,99,25,,,rest_batch
1729644,KXMLBF5SPREAD-26JUN161940CLEMIL-CLE3,2026-06-16T23:46:44.857079+00:00,"[[""0.0100"", ""310.00""], [""0.0200"", ""75.00""], [""0.0300"", ""2.00""], [""0.0400"", ""1035.00""], [""0.0500"", ""930.00""], [""0.0600"", ""160.00""], [""0.0800"", ""1.00""], [""0.0900"", ""41.00""]]","[[""0.0100"", ""363.00""], [""0.0200"", ""15114.00""], [""0.0300"", ""15.00""], [""0.0400"", ""35.00""], [""0.0500"", ""2.00""], [""0.0600"", ""2.00""], [""0.0800"", ""15.00""], [""0.0900"", ""78.00""], [""0.1100"", ""2.00""], [""0.1600"", ""17.00""], [""0.2100"", ""24.00""], [""0.2600"", ""20.00""], [""0.3100"", ""17.00""], [""0.3600"", ""16.00""], [""0.3700"", ""3.00""], [""0.6900"", ""28000.00""], [""0.7000"", ""43.00""], [""0.8500"", ""1200.00""], [""0.8600"", ""1950.00""]]",98,50,"{""orderbook"": {""orderbook_fp"": {""no_dollars"": [[""0.0100"", ""363.00""], [""0.0200"", ""15114.00""], [""0.0300"", ""15.00""], [""0.0400"", ""35.00""], [""0.0500"", ""2.00""], [""0.0600"", ""2.00""], [""0.0800"", ""15.00""], [""0.0900"", ""78.00""], [""0.1100"", ""2.00""], [""0.1600"", ""17.00""], [""0.2100"", ""24.00""], [""0.2600"", ""20.00""], [""0.3100"", ""17.00""], [""0.3600"", ""16.00""], [""0.3700"", ""3.00""], [""0.6900"", ""28000.00""], [""0.7000"", ""43.00""], [""0.8500"", ""1200.00""], [""0.8600"", ""1950.00""]], ""yes_dollars"": [[""0.0100"", ""310.00""], [""0.0200"", ""75.00""], [""0.0300"", ""2.00""], [""0.0400"", ""1035.00""], [""0.0500"", ""930.00""], [""0.0600"", ""160.00""], [""0.0800"", ""1.00""], [""0.0900"", ""41.00""]]}}}",KXMLBF5SPREAD-26JUN161940CLEMIL,mlb,MIL,CLE,,f5_spread,1,99,1,99,15,,,rest_batch
1729645,KXMLBF5SPREAD-26JUN161940CLEMIL-MIL2,2026-06-16T23:46:44.857079+00:00,"[[""0.0100"", ""300.00""], [""0.0200"", ""15003.00""], [""0.0400"", ""35.00""], [""0.0500"", ""40.00""], [""0.0600"", ""20.00""], [""0.0800"", ""20000.00""], [""0.1500"", ""9001.00""], [""0.1600"", ""166.00""], [""0.1800"", ""1.00""], [""0.1900"", ""43.00""], [""0.3400"", ""1870.00""], [""0.3500"", ""650.00""]]","[[""0.0100"", ""368.00""], [""0.0200"", ""15030.00""], [""0.0300"", ""15.00""], [""0.0400"", ""35.00""], [""0.0500"", ""10.00""], [""0.0600"", ""5.00""], [""0.0700"", ""20000.00""], [""0.0800"", ""15.00""], [""0.1100"", ""2.00""], [""0.1600"", ""17.00""], [""0.2100"", ""24.00""], [""0.2600"", ""19.00""], [""0.3100"", ""1.00""], [""0.4700"", ""9000.00""], [""0.5000"", ""153.00""], [""0.5100"", ""45.00""], [""0.5200"", ""961.00""], [""0.5300"", ""1100.00""], [""0.5900"", ""88.00""]]",98,50,"{""orderbook"": {""orderbook_fp"": {""no_dollars"": [[""0.0100"", ""368.00""], [""0.0200"", ""15030.00""], [""0.0300"", ""15.00""], [""0.0400"", ""35.00""], [""0.0500"", ""10.00""], [""0.0600"", ""5.00""], [""0.0700"", ""20000.00""], [""0.0800"", ""15.00""], [""0.1100"", ""2.00""], [""0.1600"", ""17.00""], [""0.2100"", ""24.00""], [""0.2600"", ""19.00""], [""0.3100"", ""1.00""], [""0.4700"", ""9000.00""], [""0.5000"", ""153.00""], [""0.5100"", ""45.00""], [""0.5200"", ""961.00""], [""0.5300"", ""1100.00""], [""0.5900"", ""88.00""]], ""yes_dollars"": [[""0.0100"", ""300.00""], [""0.0200"", ""15003.00""], [""0.0400"", ""35.00""], [""0.0500"", ""40.00""], [""0.0600"", ""20.00""], [""0.0800"", ""20000.00""], [""0.1500"", ""9001.00""], [""0.1600"", ""166.00""], [""0.1800"", ""1.00""], [""0.1900"", ""43.00""], [""0.3400"", ""1870.00""], [""0.3500"", ""650.00""]]}}}",KXMLBF5SPREAD-26JUN161940CLEMIL,mlb,MIL,CLE,,f5_spread,1,99,1,99,35,,,rest_batch
1729646,KXMLBF5SPREAD-26JUN161940CLEMIL-MIL3,2026-06-16T23:46:44.857079+00:00,"[[""0.0100"", ""310.00""], [""0.0200"", ""35075.00""], [""0.0300"", ""2.00""], [""0.0400"", ""35.00""], [""0.0500"", ""30.00""], [""0.0600"", ""10.00""], [""0.0700"", ""9000.00""], [""0.0800"", ""179.00""], [""0.0900"", ""40.00""], [""0.2200"", ""2272.00""], [""0.2300"", ""1050.00""]]","[[""0.0100"", ""363.00""], [""0.0200"", ""15000.00""], [""0.0300"", ""15.00""], [""0.0400"", ""35.00""], [""0.0500"", ""2.00""], [""0.0600"", ""2.00""], [""0.0800"", ""20015.00""], [""0.1100"", ""2.00""], [""0.1600"", ""17.00""], [""0.2100"", ""24.00""], [""0.2600"", ""20.00""], [""0.3100"", ""2.00""], [""0.3600"", ""1.00""], [""0.5700"", ""9000.00""], [""0.5800"", ""47.00""], [""0.6800"", ""1135.00""], [""0.6900"", ""700.00""], [""0.7000"", ""353.00""], [""0.7100"", ""50.00""], [""0.7200"", ""40.00""]]",98,50,"{""orderbook"": {""orderbook_fp"": {""no_dollars"": [[""0.0100"", ""363.00""], [""0.0200"", ""15000.00""], [""0.0300"", ""15.00""], [""0.0400"", ""35.00""], [""0.0500"", ""2.00""], [""0.0600"", ""2.00""], [""0.0800"", ""20015.00""], [""0.1100"", ""2.00""], [""0.1600"", ""17.00""], [""0.2100"", ""24.00""], [""0.2600"", ""20.00""], [""0.3100"", ""2.00""], [""0.3600"", ""1.00""], [""0.5700"", ""9000.00""], [""0.5800"", ""47.00""], [""0.6800"", ""1135.00""], [""0.6900"", ""700.00""], [""0.7000"", ""353.00""], [""0.7100"", ""50.00""], [""0.7200"", ""40.00""]], ""yes_dollars"": [[""0.0100"", ""310.00""], [""0.0200"", ""35075.00""], [""0.0300"", ""2.00""], [""0.0400"", ""35.00""], [""0.0500"", ""30.00""], [""0.0600"", ""10.00""], [""0.0700"", ""9000.00""], [""0.0800"", ""179.00""], [""0.0900"", ""40.00""], [""0.2200"", ""2272.00""], [""0.2300"", ""1050.00""]]}}}",KXMLBF5SPREAD-26JUN161940CLEMIL,mlb,MIL,CLE,,f5_spread,1,99,1,99,,,,rest_batch
