id,market_ticker,snapped_at,yes_bids_json,yes_asks_json,spread_cents,mid_cents,raw_json,event_ticker,sport,home_team,away_team,game_pk,market_type,yes_bid,yes_ask,no_bid,no_ask,last_price,volume,open_interest,source
1729904,KXMLBTEAMTOTAL-26JUN161905CWSNYY-CWS3,2026-06-16T23:46:48.802290+00:00,,,9,64,"{""type"": ""ticker"", ""sid"": 1, ""msg"": {""market_id"": ""100f0e53-5c97-49b6-98e3-e7c3242ad689"", ""market_ticker"": ""KXMLBTEAMTOTAL-26JUN161905CWSNYY-CWS3"", ""price_dollars"": ""0.6300"", ""yes_bid_dollars"": ""0.6000"", ""yes_ask_dollars"": ""0.6900"", ""volume_fp"": ""1140.56"", ""open_interest_fp"": ""1138.56"", ""dollar_volume"": 570, ""dollar_open_interest"": 569, ""yes_bid_size_fp"": ""2150.00"", ""yes_ask_size_fp"": ""150.00"", ""last_trade_size_fp"": ""1.00"", ""ts"": 1781653606, ""ts_ms"": 1781653606606, ""time"": ""2026-06-16T23:46:46.606192Z""}}",KXMLBTEAMTOTAL-26JUN161905CWSNYY,mlb,NYY,CWS,,team_total,60,69,31,40,63,1140,1138,ws_ticker
1729903,KXMLBTEAMTOTAL-26JUN161915SFATL-SF5,2026-06-16T23:46:48.801702+00:00,,,46,41,"{""type"": ""ticker"", ""sid"": 1, ""msg"": {""market_id"": ""c91102b5-7410-41c4-898e-e21717edff4a"", ""market_ticker"": ""KXMLBTEAMTOTAL-26JUN161915SFATL-SF5"", ""price_dollars"": ""0.5400"", ""yes_bid_dollars"": ""0.1800"", ""yes_ask_dollars"": ""0.6400"", ""volume_fp"": ""102.00"", ""open_interest_fp"": ""100.00"", ""dollar_volume"": 51, ""dollar_open_interest"": 50, ""yes_bid_size_fp"": ""80.00"", ""yes_ask_size_fp"": ""1.00"", ""last_trade_size_fp"": ""1.00"", ""ts"": 1781653606, ""ts_ms"": 1781653606603, ""time"": ""2026-06-16T23:46:46.603559Z""}}",KXMLBTEAMTOTAL-26JUN161915SFATL,mlb,ATL,SF,,team_total,18,64,36,82,54,102,100,ws_ticker
1729902,KXMLBTEAMTOTAL-26JUN161910NYMCIN-CIN5,2026-06-16T23:46:48.801013+00:00,,,36,73,"{""type"": ""ticker"", ""sid"": 1, ""msg"": {""market_id"": ""cd426834-fad1-4653-9644-cf66cc1e0ad8"", ""market_ticker"": ""KXMLBTEAMTOTAL-26JUN161910NYMCIN-CIN5"", ""price_dollars"": ""0.8600"", ""yes_bid_dollars"": ""0.5500"", ""yes_ask_dollars"": ""0.9100"", ""volume_fp"": ""6821.24"", ""open_interest_fp"": ""6815.24"", ""dollar_volume"": 3410, ""dollar_open_interest"": 3407, ""yes_bid_size_fp"": ""80.00"", ""yes_ask_size_fp"": ""1.00"", ""last_trade_size_fp"": ""1.00"", ""ts"": 1781653606, ""ts_ms"": 1781653606564, ""time"": ""2026-06-16T23:46:46.564968Z""}}",KXMLBTEAMTOTAL-26JUN161910NYMCIN,mlb,CIN,NYM,,team_total,55,91,9,45,86,6821,6815,ws_ticker
1729901,KXMLBTEAMTOTAL-26JUN161845TORBOS-BOS4,2026-06-16T23:46:48.800441+00:00,,,82,52,"{""type"": ""ticker"", ""sid"": 1, ""msg"": {""market_id"": ""6333a5c9-6e9c-44f5-ab77-7ffdb173b2e9"", ""market_ticker"": ""KXMLBTEAMTOTAL-26JUN161845TORBOS-BOS4"", ""price_dollars"": ""0.9300"", ""yes_bid_dollars"": ""0.1100"", ""yes_ask_dollars"": ""0.9300"", ""volume_fp"": ""1960.50"", ""open_interest_fp"": ""1584.50"", ""dollar_volume"": 980, ""dollar_open_interest"": 792, ""yes_bid_size_fp"": ""7.00"", ""yes_ask_size_fp"": ""0.77"", ""last_trade_size_fp"": ""0.23"", ""ts"": 1781653606, ""ts_ms"": 1781653606559, ""time"": ""2026-06-16T23:46:46.559326Z""}}",KXMLBTEAMTOTAL-26JUN161845TORBOS,mlb,BOS,TOR,,team_total,11,93,7,89,93,1960,1584,ws_ticker
1729900,KXMLBTEAMTOTAL-26JUN161915SFATL-SF3,2026-06-16T23:46:48.799812+00:00,,,35,68,"{""type"": ""ticker"", ""sid"": 1, ""msg"": {""market_id"": ""9e11e7ae-5ab0-4e63-8cfb-b2a89561da5c"", ""market_ticker"": ""KXMLBTEAMTOTAL-26JUN161915SFATL-SF3"", ""price_dollars"": ""0.6800"", ""yes_bid_dollars"": ""0.5100"", ""yes_ask_dollars"": ""0.8600"", ""volume_fp"": ""80.00"", ""open_interest_fp"": ""80.00"", ""dollar_volume"": 40, ""dollar_open_interest"": 40, ""yes_bid_size_fp"": ""80.00"", ""yes_ask_size_fp"": ""1.00"", ""last_trade_size_fp"": ""30.00"", ""ts"": 1781653606, ""ts_ms"": 1781653606516, ""time"": ""2026-06-16T23:46:46.516846Z""}}",KXMLBTEAMTOTAL-26JUN161915SFATL,mlb,ATL,SF,,team_total,51,86,14,49,68,80,80,ws_ticker
1729899,KXMLBTEAMTOTAL-26JUN161845KCWSH-WSH5,2026-06-16T23:46:48.799248+00:00,,,46,62,"{""type"": ""ticker"", ""sid"": 1, ""msg"": {""market_id"": ""43c3376f-e933-47bc-b373-75c63aea757a"", ""market_ticker"": ""KXMLBTEAMTOTAL-26JUN161845KCWSH-WSH5"", ""price_dollars"": ""0.5100"", ""yes_bid_dollars"": ""0.3900"", ""yes_ask_dollars"": ""0.8500"", ""volume_fp"": ""35866.96"", ""open_interest_fp"": ""32467.60"", ""dollar_volume"": 17933, ""dollar_open_interest"": 16233, ""yes_bid_size_fp"": ""17.00"", ""yes_ask_size_fp"": ""50.00"", ""last_trade_size_fp"": ""9.00"", ""ts"": 1781653606, ""ts_ms"": 1781653606507, ""time"": ""2026-06-16T23:46:46.507088Z""}}",KXMLBTEAMTOTAL-26JUN161845KCWSH,mlb,WSH,KC,,team_total,39,85,15,61,51,35866,32467,ws_ticker
1729898,KXMLBTEAMTOTAL-26JUN161915SFATL-SF4,2026-06-16T23:46:48.798542+00:00,,,48,62,"{""type"": ""ticker"", ""sid"": 1, ""msg"": {""market_id"": ""0236e39d-1e7b-4e4f-8a90-af7cbc573aed"", ""market_ticker"": ""KXMLBTEAMTOTAL-26JUN161915SFATL-SF4"", ""price_dollars"": ""0.7400"", ""yes_bid_dollars"": ""0.3800"", ""yes_ask_dollars"": ""0.8600"", ""volume_fp"": ""11243.90"", ""open_interest_fp"": ""11131.90"", ""dollar_volume"": 5621, ""dollar_open_interest"": 5565, ""yes_bid_size_fp"": ""450.00"", ""yes_ask_size_fp"": ""1.00"", ""last_trade_size_fp"": ""1.00"", ""ts"": 1781653606, ""ts_ms"": 1781653606506, ""time"": ""2026-06-16T23:46:46.506943Z""}}",KXMLBTEAMTOTAL-26JUN161915SFATL,mlb,ATL,SF,,team_total,38,86,14,62,74,11243,11131,ws_ticker
1729896,KXMLBTEAMTOTAL-26JUN161915SFATL-SF2,2026-06-16T23:46:48.797946+00:00,,,48,69,"{""type"": ""ticker"", ""sid"": 1, ""msg"": {""market_id"": ""04299b93-3177-4757-b69a-742b3f500713"", ""market_ticker"": ""KXMLBTEAMTOTAL-26JUN161915SFATL-SF2"", ""price_dollars"": ""0.8200"", ""yes_bid_dollars"": ""0.4500"", ""yes_ask_dollars"": ""0.9300"", ""volume_fp"": ""91.26"", ""open_interest_fp"": ""91.26"", ""dollar_volume"": 45, ""dollar_open_interest"": 45, ""yes_bid_size_fp"": ""80.00"", ""yes_ask_size_fp"": ""1.00"", ""last_trade_size_fp"": ""23.00"", ""ts"": 1781653606, ""ts_ms"": 1781653606480, ""time"": ""2026-06-16T23:46:46.480009Z""}}",KXMLBTEAMTOTAL-26JUN161915SFATL,mlb,ATL,SF,,team_total,45,93,7,55,82,91,91,ws_ticker
1729895,KXMLBTEAMTOTAL-26JUN161915SFATL-ATL6,2026-06-16T23:46:48.797414+00:00,,,24,52,"{""type"": ""ticker"", ""sid"": 1, ""msg"": {""market_id"": ""5c3fbd4a-a245-4072-b740-1ddb581b88f2"", ""market_ticker"": ""KXMLBTEAMTOTAL-26JUN161915SFATL-ATL6"", ""price_dollars"": ""0.5600"", ""yes_bid_dollars"": ""0.4000"", ""yes_ask_dollars"": ""0.6400"", ""volume_fp"": ""1854.22"", ""open_interest_fp"": ""1848.22"", ""dollar_volume"": 927, ""dollar_open_interest"": 924, ""yes_bid_size_fp"": ""50.00"", ""yes_ask_size_fp"": ""1.00"", ""last_trade_size_fp"": ""80.77"", ""ts"": 1781653606, ""ts_ms"": 1781653606457, ""time"": ""2026-06-16T23:46:46.457732Z""}}",KXMLBTEAMTOTAL-26JUN161915SFATL,mlb,ATL,SF,,team_total,40,64,36,60,56,1854,1848,ws_ticker
1729894,KXMLBTEAMTOTAL-26JUN161905CWSNYY-NYY6,2026-06-16T23:46:48.796808+00:00,,,36,44,"{""type"": ""ticker"", ""sid"": 1, ""msg"": {""market_id"": ""9f1e3c71-9716-4070-8caa-7786953836b4"", ""market_ticker"": ""KXMLBTEAMTOTAL-26JUN161905CWSNYY-NYY6"", ""price_dollars"": ""0.2700"", ""yes_bid_dollars"": ""0.2600"", ""yes_ask_dollars"": ""0.6200"", ""volume_fp"": ""321.12"", ""open_interest_fp"": ""319.12"", ""dollar_volume"": 160, ""dollar_open_interest"": 159, ""yes_bid_size_fp"": ""2100.00"", ""yes_ask_size_fp"": ""3450.00"", ""last_trade_size_fp"": ""1.00"", ""ts"": 1781653606, ""ts_ms"": 1781653606456, ""time"": ""2026-06-16T23:46:46.456572Z""}}",KXMLBTEAMTOTAL-26JUN161905CWSNYY,mlb,NYY,CWS,,team_total,26,62,38,74,27,321,319,ws_ticker
1729893,KXMLBTEAMTOTAL-26JUN161905CWSNYY-NYY8,2026-06-16T23:46:48.796296+00:00,,,2,11,"{""type"": ""ticker"", ""sid"": 1, ""msg"": {""market_id"": ""e19c2b76-692e-4458-8fa7-6947105cf927"", ""market_ticker"": ""KXMLBTEAMTOTAL-26JUN161905CWSNYY-NYY8"", ""price_dollars"": ""0.1000"", ""yes_bid_dollars"": ""0.1000"", ""yes_ask_dollars"": ""0.1200"", ""volume_fp"": ""443.82"", ""open_interest_fp"": ""441.82"", ""dollar_volume"": 221, ""dollar_open_interest"": 220, ""yes_bid_size_fp"": ""2100.00"", ""yes_ask_size_fp"": ""550.00"", ""last_trade_size_fp"": ""1.00"", ""ts"": 1781653606, ""ts_ms"": 1781653606442, ""time"": ""2026-06-16T23:46:46.442584Z""}}",KXMLBTEAMTOTAL-26JUN161905CWSNYY,mlb,NYY,CWS,,team_total,10,12,88,90,10,443,441,ws_ticker
1729892,KXMLBTEAMTOTAL-26JUN161840MIAPHI-MIA3,2026-06-16T23:46:48.795694+00:00,,,16,31,"{""type"": ""ticker"", ""sid"": 1, ""msg"": {""market_id"": ""2be9f0a1-f03a-49ea-bd34-0b83d65299b4"", ""market_ticker"": ""KXMLBTEAMTOTAL-26JUN161840MIAPHI-MIA3"", ""price_dollars"": ""0.3500"", ""yes_bid_dollars"": ""0.2300"", ""yes_ask_dollars"": ""0.3900"", ""volume_fp"": ""1544.30"", ""open_interest_fp"": ""1063.36"", ""dollar_volume"": 772, ""dollar_open_interest"": 531, ""yes_bid_size_fp"": ""1050.00"", ""yes_ask_size_fp"": ""50.00"", ""last_trade_size_fp"": ""37.05"", ""ts"": 1781653606, ""ts_ms"": 1781653606390, ""time"": ""2026-06-16T23:46:46.390815Z""}}",KXMLBTEAMTOTAL-26JUN161840MIAPHI,mlb,PHI,MIA,,team_total,23,39,61,77,35,1544,1063,ws_ticker
1729891,KXMLBTEAMTOTAL-26JUN161845TORBOS-BOS2,2026-06-16T23:46:48.795143+00:00,,,44,64,"{""type"": ""ticker"", ""sid"": 1, ""msg"": {""market_id"": ""2fbae676-1c92-4c46-932f-acdb02fcb370"", ""market_ticker"": ""KXMLBTEAMTOTAL-26JUN161845TORBOS-BOS2"", ""price_dollars"": ""0.8000"", ""yes_bid_dollars"": ""0.4200"", ""yes_ask_dollars"": ""0.8600"", ""volume_fp"": ""380.46"", ""open_interest_fp"": ""380.46"", ""dollar_volume"": 190, ""dollar_open_interest"": 190, ""yes_bid_size_fp"": ""450.00"", ""yes_ask_size_fp"": ""1.00"", ""last_trade_size_fp"": ""3.61"", ""ts"": 1781653606, ""ts_ms"": 1781653606345, ""time"": ""2026-06-16T23:46:46.345239Z""}}",KXMLBTEAMTOTAL-26JUN161845TORBOS,mlb,BOS,TOR,,team_total,42,86,14,58,80,380,380,ws_ticker
1729890,KXMLBTEAMTOTAL-26JUN161905CWSNYY-CWS4,2026-06-16T23:46:48.794575+00:00,,,10,49,"{""type"": ""ticker"", ""sid"": 1, ""msg"": {""market_id"": ""1856da41-1293-4dee-b113-11f31adf4d84"", ""market_ticker"": ""KXMLBTEAMTOTAL-26JUN161905CWSNYY-CWS4"", ""price_dollars"": ""0.6200"", ""yes_bid_dollars"": ""0.4400"", ""yes_ask_dollars"": ""0.5400"", ""volume_fp"": ""6378.62"", ""open_interest_fp"": ""6339.98"", ""dollar_volume"": 3189, ""dollar_open_interest"": 3169, ""yes_bid_size_fp"": ""2000.00"", ""yes_ask_size_fp"": ""3450.00"", ""last_trade_size_fp"": ""31.48"", ""ts"": 1781653606, ""ts_ms"": 1781653606290, ""time"": ""2026-06-16T23:46:46.29055Z""}}",KXMLBTEAMTOTAL-26JUN161905CWSNYY,mlb,NYY,CWS,,team_total,44,54,46,56,62,6378,6339,ws_ticker
1729889,KXMLBTEAMTOTAL-26JUN161905CWSNYY-NYY7,2026-06-16T23:46:48.793955+00:00,,,3,17,"{""type"": ""ticker"", ""sid"": 1, ""msg"": {""market_id"": ""b9fbcf07-c64b-48aa-82dd-0abbbecab468"", ""market_ticker"": ""KXMLBTEAMTOTAL-26JUN161905CWSNYY-NYY7"", ""price_dollars"": ""0.2200"", ""yes_bid_dollars"": ""0.1600"", ""yes_ask_dollars"": ""0.1900"", ""volume_fp"": ""90.50"", ""open_interest_fp"": ""90.50"", ""dollar_volume"": 45, ""dollar_open_interest"": 45, ""yes_bid_size_fp"": ""2150.00"", ""yes_ask_size_fp"": ""2050.00"", ""last_trade_size_fp"": ""2.15"", ""ts"": 1781653606, ""ts_ms"": 1781653606204, ""time"": ""2026-06-16T23:46:46.204678Z""}}",KXMLBTEAMTOTAL-26JUN161905CWSNYY,mlb,NYY,CWS,,team_total,16,19,81,84,22,90,90,ws_ticker
1729888,KXMLBTEAMTOTAL-26JUN161910NYMCIN-CIN8,2026-06-16T23:46:48.793397+00:00,,,70,50,"{""type"": ""ticker"", ""sid"": 1, ""msg"": {""market_id"": ""b0006a9f-f53a-4185-bc68-216318b6ac3c"", ""market_ticker"": ""KXMLBTEAMTOTAL-26JUN161910NYMCIN-CIN8"", ""price_dollars"": ""0.9400"", ""yes_bid_dollars"": ""0.1500"", ""yes_ask_dollars"": ""0.8500"", ""volume_fp"": ""1424.34"", ""open_interest_fp"": ""1357.62"", ""dollar_volume"": 712, ""dollar_open_interest"": 678, ""yes_bid_size_fp"": ""450.00"", ""yes_ask_size_fp"": ""450.00"", ""last_trade_size_fp"": ""1.00"", ""ts"": 1781653606, ""ts_ms"": 1781653606163, ""time"": ""2026-06-16T23:46:46.163086Z""}}",KXMLBTEAMTOTAL-26JUN161910NYMCIN,mlb,CIN,NYM,,team_total,15,85,15,85,94,1424,1357,ws_ticker
1729887,KXMLBTEAMTOTAL-26JUN161840MIAPHI-MIA6,2026-06-16T23:46:48.792778+00:00,,,16,15,"{""type"": ""ticker"", ""sid"": 1, ""msg"": {""market_id"": ""bbb51b37-441f-4c76-9052-306b2b6209c3"", ""market_ticker"": ""KXMLBTEAMTOTAL-26JUN161840MIAPHI-MIA6"", ""price_dollars"": ""0.2400"", ""yes_bid_dollars"": ""0.0700"", ""yes_ask_dollars"": ""0.2300"", ""volume_fp"": ""6070.78"", ""open_interest_fp"": ""6070.78"", ""dollar_volume"": 3035, ""dollar_open_interest"": 3035, ""yes_bid_size_fp"": ""1.00"", ""yes_ask_size_fp"": ""2950.00"", ""last_trade_size_fp"": ""19.43"", ""ts"": 1781653606, ""ts_ms"": 1781653606154, ""time"": ""2026-06-16T23:46:46.154445Z""}}",KXMLBTEAMTOTAL-26JUN161840MIAPHI,mlb,PHI,MIA,,team_total,7,23,77,93,24,6070,6070,ws_ticker
1729886,KXMLBTEAMTOTAL-26JUN161910NYMCIN-NYM5,2026-06-16T23:46:48.792250+00:00,,,41,56,"{""type"": ""ticker"", ""sid"": 1, ""msg"": {""market_id"": ""a709f2b5-1e42-45a4-810b-86da9db8fbbe"", ""market_ticker"": ""KXMLBTEAMTOTAL-26JUN161910NYMCIN-NYM5"", ""price_dollars"": ""0.3700"", ""yes_bid_dollars"": ""0.3600"", ""yes_ask_dollars"": ""0.7700"", ""volume_fp"": ""25201.78"", ""open_interest_fp"": ""25094.68"", ""dollar_volume"": 12600, ""dollar_open_interest"": 12547, ""yes_bid_size_fp"": ""1.00"", ""yes_ask_size_fp"": ""4.00"", ""last_trade_size_fp"": ""28.39"", ""ts"": 1781653605, ""ts_ms"": 1781653605883, ""time"": ""2026-06-16T23:46:45.883178Z""}}",KXMLBTEAMTOTAL-26JUN161910NYMCIN,mlb,CIN,NYM,,team_total,36,77,23,64,37,25201,25094,ws_ticker
1729885,KXMLBTEAMTOTAL-26JUN161905CWSNYY-NYY5,2026-06-16T23:46:48.791634+00:00,,,8,44,"{""type"": ""ticker"", ""sid"": 1, ""msg"": {""market_id"": ""873637b3-65d3-4b50-a707-9e748133e58a"", ""market_ticker"": ""KXMLBTEAMTOTAL-26JUN161905CWSNYY-NYY5"", ""price_dollars"": ""0.4200"", ""yes_bid_dollars"": ""0.4000"", ""yes_ask_dollars"": ""0.4800"", ""volume_fp"": ""1418.14"", ""open_interest_fp"": ""1376.78"", ""dollar_volume"": 709, ""dollar_open_interest"": 688, ""yes_bid_size_fp"": ""2000.00"", ""yes_ask_size_fp"": ""2450.00"", ""last_trade_size_fp"": ""1.00"", ""ts"": 1781653605, ""ts_ms"": 1781653605705, ""time"": ""2026-06-16T23:46:45.705172Z""}}",KXMLBTEAMTOTAL-26JUN161905CWSNYY,mlb,NYY,CWS,,team_total,40,48,52,60,42,1418,1376,ws_ticker
1729884,KXMLBTEAMTOTAL-26JUN161905CWSNYY-NYY3,2026-06-16T23:46:48.790994+00:00,,,8,77,"{""type"": ""ticker"", ""sid"": 1, ""msg"": {""market_id"": ""ab859e1f-8e52-4335-aecf-97303fdbb9a1"", ""market_ticker"": ""KXMLBTEAMTOTAL-26JUN161905CWSNYY-NYY3"", ""price_dollars"": ""0.6700"", ""yes_bid_dollars"": ""0.7300"", ""yes_ask_dollars"": ""0.8100"", ""volume_fp"": ""447.80"", ""open_interest_fp"": ""447.80"", ""dollar_volume"": 223, ""dollar_open_interest"": 223, ""yes_bid_size_fp"": ""2150.00"", ""yes_ask_size_fp"": ""2450.00"", ""last_trade_size_fp"": ""50.00"", ""ts"": 1781653605, ""ts_ms"": 1781653605646, ""time"": ""2026-06-16T23:46:45.646002Z""}}",KXMLBTEAMTOTAL-26JUN161905CWSNYY,mlb,NYY,CWS,,team_total,73,81,19,27,67,447,447,ws_ticker
1729883,KXMLBTEAMTOTAL-26JUN161905CWSNYY-CWS6,2026-06-16T23:46:48.790358+00:00,,,12,22,"{""type"": ""ticker"", ""sid"": 1, ""msg"": {""market_id"": ""b5f9d764-880e-4983-806b-8a26b87a73ba"", ""market_ticker"": ""KXMLBTEAMTOTAL-26JUN161905CWSNYY-CWS6"", ""price_dollars"": ""0.2400"", ""yes_bid_dollars"": ""0.1600"", ""yes_ask_dollars"": ""0.2800"", ""volume_fp"": ""100.00"", ""open_interest_fp"": ""100.00"", ""dollar_volume"": 50, ""dollar_open_interest"": 50, ""yes_bid_size_fp"": ""2150.00"", ""yes_ask_size_fp"": ""3450.00"", ""last_trade_size_fp"": ""50.00"", ""ts"": 1781653605, ""ts_ms"": 1781653605644, ""time"": ""2026-06-16T23:46:45.644772Z""}}",KXMLBTEAMTOTAL-26JUN161905CWSNYY,mlb,NYY,CWS,,team_total,16,28,72,84,24,100,100,ws_ticker
1729699,KXMLBTEAMTOTAL-26JUN161905CWSNYY-CWS6,2026-06-16T23:46:46.825012+00:00,,,12,22,"{""type"": ""ticker"", ""sid"": 1, ""msg"": {""market_id"": ""b5f9d764-880e-4983-806b-8a26b87a73ba"", ""market_ticker"": ""KXMLBTEAMTOTAL-26JUN161905CWSNYY-CWS6"", ""price_dollars"": ""0.2400"", ""yes_bid_dollars"": ""0.1600"", ""yes_ask_dollars"": ""0.2800"", ""volume_fp"": ""100.00"", ""open_interest_fp"": ""100.00"", ""dollar_volume"": 50, ""dollar_open_interest"": 50, ""yes_bid_size_fp"": ""2100.00"", ""yes_ask_size_fp"": ""3450.00"", ""last_trade_size_fp"": ""50.00"", ""ts"": 1781653605, ""ts_ms"": 1781653605603, ""time"": ""2026-06-16T23:46:45.603318Z""}}",KXMLBTEAMTOTAL-26JUN161905CWSNYY,mlb,NYY,CWS,,team_total,16,28,72,84,24,100,100,ws_ticker
1729698,KXMLBTEAMTOTAL-26JUN161905CWSNYY-CWS5,2026-06-16T23:46:46.824400+00:00,,,12,34,"{""type"": ""ticker"", ""sid"": 1, ""msg"": {""market_id"": ""614d37e9-ae38-4e6a-9c39-944c66326ac1"", ""market_ticker"": ""KXMLBTEAMTOTAL-26JUN161905CWSNYY-CWS5"", ""price_dollars"": ""0.3100"", ""yes_bid_dollars"": ""0.2800"", ""yes_ask_dollars"": ""0.4000"", ""volume_fp"": ""728.72"", ""open_interest_fp"": ""726.72"", ""dollar_volume"": 364, ""dollar_open_interest"": 363, ""yes_bid_size_fp"": ""2000.00"", ""yes_ask_size_fp"": ""3450.00"", ""last_trade_size_fp"": ""1.00"", ""ts"": 1781653605, ""ts_ms"": 1781653605603, ""time"": ""2026-06-16T23:46:45.603271Z""}}",KXMLBTEAMTOTAL-26JUN161905CWSNYY,mlb,NYY,CWS,,team_total,28,40,60,72,31,728,726,ws_ticker
1729697,KXMLBTEAMTOTAL-26JUN161905CWSNYY-NYY3,2026-06-16T23:46:46.823864+00:00,,,6,76,"{""type"": ""ticker"", ""sid"": 1, ""msg"": {""market_id"": ""ab859e1f-8e52-4335-aecf-97303fdbb9a1"", ""market_ticker"": ""KXMLBTEAMTOTAL-26JUN161905CWSNYY-NYY3"", ""price_dollars"": ""0.6700"", ""yes_bid_dollars"": ""0.7300"", ""yes_ask_dollars"": ""0.7900"", ""volume_fp"": ""447.80"", ""open_interest_fp"": ""447.80"", ""dollar_volume"": 223, ""dollar_open_interest"": 223, ""yes_bid_size_fp"": ""2150.00"", ""yes_ask_size_fp"": ""2400.00"", ""last_trade_size_fp"": ""50.00"", ""ts"": 1781653605, ""ts_ms"": 1781653605595, ""time"": ""2026-06-16T23:46:45.595418Z""}}",KXMLBTEAMTOTAL-26JUN161905CWSNYY,mlb,NYY,CWS,,team_total,73,79,21,27,67,447,447,ws_ticker
1729696,KXMLBTEAMTOTAL-26JUN161845TORBOS-BOS2,2026-06-16T23:46:46.823285+00:00,,,49,61,"{""type"": ""ticker"", ""sid"": 1, ""msg"": {""market_id"": ""2fbae676-1c92-4c46-932f-acdb02fcb370"", ""market_ticker"": ""KXMLBTEAMTOTAL-26JUN161845TORBOS-BOS2"", ""price_dollars"": ""0.8000"", ""yes_bid_dollars"": ""0.3700"", ""yes_ask_dollars"": ""0.8600"", ""volume_fp"": ""380.46"", ""open_interest_fp"": ""380.46"", ""dollar_volume"": 190, ""dollar_open_interest"": 190, ""yes_bid_size_fp"": ""80.00"", ""yes_ask_size_fp"": ""1.00"", ""last_trade_size_fp"": ""3.61"", ""ts"": 1781653605, ""ts_ms"": 1781653605546, ""time"": ""2026-06-16T23:46:45.54627Z""}}",KXMLBTEAMTOTAL-26JUN161845TORBOS,mlb,BOS,TOR,,team_total,37,86,14,63,80,380,380,ws_ticker
1729695,KXMLBTEAMTOTAL-26JUN161905CWSNYY-NYY5,2026-06-16T23:46:46.822748+00:00,,,7,43,"{""type"": ""ticker"", ""sid"": 1, ""msg"": {""market_id"": ""873637b3-65d3-4b50-a707-9e748133e58a"", ""market_ticker"": ""KXMLBTEAMTOTAL-26JUN161905CWSNYY-NYY5"", ""price_dollars"": ""0.4200"", ""yes_bid_dollars"": ""0.4000"", ""yes_ask_dollars"": ""0.4700"", ""volume_fp"": ""1418.14"", ""open_interest_fp"": ""1376.78"", ""dollar_volume"": 709, ""dollar_open_interest"": 688, ""yes_bid_size_fp"": ""2000.00"", ""yes_ask_size_fp"": ""2000.00"", ""last_trade_size_fp"": ""1.00"", ""ts"": 1781653605, ""ts_ms"": 1781653605535, ""time"": ""2026-06-16T23:46:45.535027Z""}}",KXMLBTEAMTOTAL-26JUN161905CWSNYY,mlb,NYY,CWS,,team_total,40,47,53,60,42,1418,1376,ws_ticker
1729694,KXMLBTEAMTOTAL-26JUN161915SFATL-SF2,2026-06-16T23:46:46.822090+00:00,,,56,65,"{""type"": ""ticker"", ""sid"": 1, ""msg"": {""market_id"": ""04299b93-3177-4757-b69a-742b3f500713"", ""market_ticker"": ""KXMLBTEAMTOTAL-26JUN161915SFATL-SF2"", ""price_dollars"": ""0.8200"", ""yes_bid_dollars"": ""0.3700"", ""yes_ask_dollars"": ""0.9300"", ""volume_fp"": ""91.26"", ""open_interest_fp"": ""91.26"", ""dollar_volume"": 45, ""dollar_open_interest"": 45, ""yes_bid_size_fp"": ""80.00"", ""yes_ask_size_fp"": ""1.00"", ""last_trade_size_fp"": ""23.00"", ""ts"": 1781653605, ""ts_ms"": 1781653605475, ""time"": ""2026-06-16T23:46:45.475488Z""}}",KXMLBTEAMTOTAL-26JUN161915SFATL,mlb,ATL,SF,,team_total,37,93,7,63,82,91,91,ws_ticker
1729692,KXMLBTEAMTOTAL-26JUN161915SFATL-ATL6,2026-06-16T23:46:46.821438+00:00,,,20,54,"{""type"": ""ticker"", ""sid"": 1, ""msg"": {""market_id"": ""5c3fbd4a-a245-4072-b740-1ddb581b88f2"", ""market_ticker"": ""KXMLBTEAMTOTAL-26JUN161915SFATL-ATL6"", ""price_dollars"": ""0.5600"", ""yes_bid_dollars"": ""0.4400"", ""yes_ask_dollars"": ""0.6400"", ""volume_fp"": ""1854.22"", ""open_interest_fp"": ""1848.22"", ""dollar_volume"": 927, ""dollar_open_interest"": 924, ""yes_bid_size_fp"": ""50.00"", ""yes_ask_size_fp"": ""1.00"", ""last_trade_size_fp"": ""80.77"", ""ts"": 1781653605, ""ts_ms"": 1781653605447, ""time"": ""2026-06-16T23:46:45.447696Z""}}",KXMLBTEAMTOTAL-26JUN161915SFATL,mlb,ATL,SF,,team_total,44,64,36,56,56,1854,1848,ws_ticker
1729690,KXMLBTEAMTOTAL-26JUN161845TORBOS-TOR4,2026-06-16T23:46:46.820789+00:00,,,23,48,"{""type"": ""ticker"", ""sid"": 1, ""msg"": {""market_id"": ""195fab34-4d60-4739-b935-58ac2a525d2f"", ""market_ticker"": ""KXMLBTEAMTOTAL-26JUN161845TORBOS-TOR4"", ""price_dollars"": ""0.7800"", ""yes_bid_dollars"": ""0.3700"", ""yes_ask_dollars"": ""0.6000"", ""volume_fp"": ""1869.08"", ""open_interest_fp"": ""1156.44"", ""dollar_volume"": 934, ""dollar_open_interest"": 578, ""yes_bid_size_fp"": ""4.26"", ""yes_ask_size_fp"": ""2950.00"", ""last_trade_size_fp"": ""4.26"", ""ts"": 1781653605, ""ts_ms"": 1781653605429, ""time"": ""2026-06-16T23:46:45.429334Z""}}",KXMLBTEAMTOTAL-26JUN161845TORBOS,mlb,BOS,TOR,,team_total,37,60,40,63,78,1869,1156,ws_ticker
1729689,KXMLBTEAMTOTAL-26JUN161905CWSNYY-CWS3,2026-06-16T23:46:46.820259+00:00,,,11,65,"{""type"": ""ticker"", ""sid"": 1, ""msg"": {""market_id"": ""100f0e53-5c97-49b6-98e3-e7c3242ad689"", ""market_ticker"": ""KXMLBTEAMTOTAL-26JUN161905CWSNYY-CWS3"", ""price_dollars"": ""0.6300"", ""yes_bid_dollars"": ""0.6000"", ""yes_ask_dollars"": ""0.7100"", ""volume_fp"": ""1140.56"", ""open_interest_fp"": ""1138.56"", ""dollar_volume"": 570, ""dollar_open_interest"": 569, ""yes_bid_size_fp"": ""2150.00"", ""yes_ask_size_fp"": ""2450.00"", ""last_trade_size_fp"": ""1.00"", ""ts"": 1781653605, ""ts_ms"": 1781653605415, ""time"": ""2026-06-16T23:46:45.415717Z""}}",KXMLBTEAMTOTAL-26JUN161905CWSNYY,mlb,NYY,CWS,,team_total,60,71,29,40,63,1140,1138,ws_ticker
1729688,KXMLBTEAMTOTAL-26JUN161845TORBOS-BOS4,2026-06-16T23:46:46.819668+00:00,,,82,52,"{""type"": ""ticker"", ""sid"": 1, ""msg"": {""market_id"": ""6333a5c9-6e9c-44f5-ab77-7ffdb173b2e9"", ""market_ticker"": ""KXMLBTEAMTOTAL-26JUN161845TORBOS-BOS4"", ""price_dollars"": ""0.9300"", ""yes_bid_dollars"": ""0.1100"", ""yes_ask_dollars"": ""0.9300"", ""volume_fp"": ""1960.50"", ""open_interest_fp"": ""1584.50"", ""dollar_volume"": 980, ""dollar_open_interest"": 792, ""yes_bid_size_fp"": ""7.00"", ""yes_ask_size_fp"": ""0.77"", ""last_trade_size_fp"": ""0.23"", ""ts"": 1781653605, ""ts_ms"": 1781653605385, ""time"": ""2026-06-16T23:46:45.385204Z""}}",KXMLBTEAMTOTAL-26JUN161845TORBOS,mlb,BOS,TOR,,team_total,11,93,7,89,93,1960,1584,ws_ticker
1729687,KXMLBTEAMTOTAL-26JUN161915SFATL-SF4,2026-06-16T23:46:46.819087+00:00,,,50,61,"{""type"": ""ticker"", ""sid"": 1, ""msg"": {""market_id"": ""0236e39d-1e7b-4e4f-8a90-af7cbc573aed"", ""market_ticker"": ""KXMLBTEAMTOTAL-26JUN161915SFATL-SF4"", ""price_dollars"": ""0.7400"", ""yes_bid_dollars"": ""0.3600"", ""yes_ask_dollars"": ""0.8600"", ""volume_fp"": ""11243.90"", ""open_interest_fp"": ""11131.90"", ""dollar_volume"": 5621, ""dollar_open_interest"": 5565, ""yes_bid_size_fp"": ""1.00"", ""yes_ask_size_fp"": ""1.00"", ""last_trade_size_fp"": ""1.00"", ""ts"": 1781653605, ""ts_ms"": 1781653605337, ""time"": ""2026-06-16T23:46:45.337261Z""}}",KXMLBTEAMTOTAL-26JUN161915SFATL,mlb,ATL,SF,,team_total,36,86,14,64,74,11243,11131,ws_ticker
1729686,KXMLBTEAMTOTAL-26JUN161915SFATL-SF5,2026-06-16T23:46:46.818472+00:00,,,53,37,"{""type"": ""ticker"", ""sid"": 1, ""msg"": {""market_id"": ""c91102b5-7410-41c4-898e-e21717edff4a"", ""market_ticker"": ""KXMLBTEAMTOTAL-26JUN161915SFATL-SF5"", ""price_dollars"": ""0.5400"", ""yes_bid_dollars"": ""0.1100"", ""yes_ask_dollars"": ""0.6400"", ""volume_fp"": ""102.00"", ""open_interest_fp"": ""100.00"", ""dollar_volume"": 51, ""dollar_open_interest"": 50, ""yes_bid_size_fp"": ""450.00"", ""yes_ask_size_fp"": ""1.00"", ""last_trade_size_fp"": ""1.00"", ""ts"": 1781653605, ""ts_ms"": 1781653605303, ""time"": ""2026-06-16T23:46:45.303337Z""}}",KXMLBTEAMTOTAL-26JUN161915SFATL,mlb,ATL,SF,,team_total,11,64,36,89,54,102,100,ws_ticker
1729685,KXMLBTEAMTOTAL-26JUN161910NYMCIN-NYM5,2026-06-16T23:46:46.817817+00:00,,,8,40,"{""type"": ""ticker"", ""sid"": 1, ""msg"": {""market_id"": ""a709f2b5-1e42-45a4-810b-86da9db8fbbe"", ""market_ticker"": ""KXMLBTEAMTOTAL-26JUN161910NYMCIN-NYM5"", ""price_dollars"": ""0.3700"", ""yes_bid_dollars"": ""0.3600"", ""yes_ask_dollars"": ""0.4400"", ""volume_fp"": ""25201.78"", ""open_interest_fp"": ""25094.68"", ""dollar_volume"": 12600, ""dollar_open_interest"": 12547, ""yes_bid_size_fp"": ""1.00"", ""yes_ask_size_fp"": ""5.00"", ""last_trade_size_fp"": ""28.39"", ""ts"": 1781653605, ""ts_ms"": 1781653605298, ""time"": ""2026-06-16T23:46:45.298548Z""}}",KXMLBTEAMTOTAL-26JUN161910NYMCIN,mlb,CIN,NYM,,team_total,36,44,56,64,37,25201,25094,ws_ticker
1729684,KXMLBTEAMTOTAL-26JUN161905CWSNYY-NYY6,2026-06-16T23:46:46.817311+00:00,,,36,44,"{""type"": ""ticker"", ""sid"": 1, ""msg"": {""market_id"": ""9f1e3c71-9716-4070-8caa-7786953836b4"", ""market_ticker"": ""KXMLBTEAMTOTAL-26JUN161905CWSNYY-NYY6"", ""price_dollars"": ""0.2700"", ""yes_bid_dollars"": ""0.2600"", ""yes_ask_dollars"": ""0.6200"", ""volume_fp"": ""321.12"", ""open_interest_fp"": ""319.12"", ""dollar_volume"": 160, ""dollar_open_interest"": 159, ""yes_bid_size_fp"": ""2100.00"", ""yes_ask_size_fp"": ""3450.00"", ""last_trade_size_fp"": ""1.00"", ""ts"": 1781653605, ""ts_ms"": 1781653605289, ""time"": ""2026-06-16T23:46:45.289858Z""}}",KXMLBTEAMTOTAL-26JUN161905CWSNYY,mlb,NYY,CWS,,team_total,26,62,38,74,27,321,319,ws_ticker
1729683,KXMLBTEAMTOTAL-26JUN161840MIAPHI-MIA7,2026-06-16T23:46:46.816661+00:00,,,13,13,"{""type"": ""ticker"", ""sid"": 1, ""msg"": {""market_id"": ""de4caa2d-dc1f-47a6-9fc2-2bb6fa11d109"", ""market_ticker"": ""KXMLBTEAMTOTAL-26JUN161840MIAPHI-MIA7"", ""price_dollars"": ""0.1700"", ""yes_bid_dollars"": ""0.0700"", ""yes_ask_dollars"": ""0.2000"", ""volume_fp"": ""3066.00"", ""open_interest_fp"": ""2768.00"", ""dollar_volume"": 1533, ""dollar_open_interest"": 1384, ""yes_bid_size_fp"": ""1.00"", ""yes_ask_size_fp"": ""2950.00"", ""last_trade_size_fp"": ""12.00"", ""ts"": 1781653605, ""ts_ms"": 1781653605255, ""time"": ""2026-06-16T23:46:45.255744Z""}}",KXMLBTEAMTOTAL-26JUN161840MIAPHI,mlb,PHI,MIA,,team_total,7,20,80,93,17,3066,2768,ws_ticker
1729682,KXMLBTEAMTOTAL-26JUN161905CWSNYY-NYY8,2026-06-16T23:46:46.816073+00:00,,,3,11,"{""type"": ""ticker"", ""sid"": 1, ""msg"": {""market_id"": ""e19c2b76-692e-4458-8fa7-6947105cf927"", ""market_ticker"": ""KXMLBTEAMTOTAL-26JUN161905CWSNYY-NYY8"", ""price_dollars"": ""0.1000"", ""yes_bid_dollars"": ""0.1000"", ""yes_ask_dollars"": ""0.1300"", ""volume_fp"": ""443.82"", ""open_interest_fp"": ""441.82"", ""dollar_volume"": 221, ""dollar_open_interest"": 220, ""yes_bid_size_fp"": ""2100.00"", ""yes_ask_size_fp"": ""550.00"", ""last_trade_size_fp"": ""1.00"", ""ts"": 1781653605, ""ts_ms"": 1781653605254, ""time"": ""2026-06-16T23:46:45.254913Z""}}",KXMLBTEAMTOTAL-26JUN161905CWSNYY,mlb,NYY,CWS,,team_total,10,13,87,90,10,443,441,ws_ticker
1729681,KXMLBTEAMTOTAL-26JUN161910NYMCIN-CIN5,2026-06-16T23:46:46.815617+00:00,,,41,70,"{""type"": ""ticker"", ""sid"": 1, ""msg"": {""market_id"": ""cd426834-fad1-4653-9644-cf66cc1e0ad8"", ""market_ticker"": ""KXMLBTEAMTOTAL-26JUN161910NYMCIN-CIN5"", ""price_dollars"": ""0.8600"", ""yes_bid_dollars"": ""0.5000"", ""yes_ask_dollars"": ""0.9100"", ""volume_fp"": ""6821.24"", ""open_interest_fp"": ""6815.24"", ""dollar_volume"": 3410, ""dollar_open_interest"": 3407, ""yes_bid_size_fp"": ""450.00"", ""yes_ask_size_fp"": ""1.00"", ""last_trade_size_fp"": ""1.00"", ""ts"": 1781653605, ""ts_ms"": 1781653605118, ""time"": ""2026-06-16T23:46:45.118833Z""}}",KXMLBTEAMTOTAL-26JUN161910NYMCIN,mlb,CIN,NYM,,team_total,50,91,9,50,86,6821,6815,ws_ticker
1729680,KXMLBTEAMTOTAL-26JUN161915SFATL-SF3,2026-06-16T23:46:46.815053+00:00,,,34,69,"{""type"": ""ticker"", ""sid"": 1, ""msg"": {""market_id"": ""9e11e7ae-5ab0-4e63-8cfb-b2a89561da5c"", ""market_ticker"": ""KXMLBTEAMTOTAL-26JUN161915SFATL-SF3"", ""price_dollars"": ""0.6800"", ""yes_bid_dollars"": ""0.5200"", ""yes_ask_dollars"": ""0.8600"", ""volume_fp"": ""80.00"", ""open_interest_fp"": ""80.00"", ""dollar_volume"": 40, ""dollar_open_interest"": 40, ""yes_bid_size_fp"": ""450.00"", ""yes_ask_size_fp"": ""1.00"", ""last_trade_size_fp"": ""30.00"", ""ts"": 1781653605, ""ts_ms"": 1781653605091, ""time"": ""2026-06-16T23:46:45.091786Z""}}",KXMLBTEAMTOTAL-26JUN161915SFATL,mlb,ATL,SF,,team_total,52,86,14,48,68,80,80,ws_ticker
1729679,KXMLBTEAMTOTAL-26JUN161905CWSNYY-NYY7,2026-06-16T23:46:46.814536+00:00,,,4,18,"{""type"": ""ticker"", ""sid"": 1, ""msg"": {""market_id"": ""b9fbcf07-c64b-48aa-82dd-0abbbecab468"", ""market_ticker"": ""KXMLBTEAMTOTAL-26JUN161905CWSNYY-NYY7"", ""price_dollars"": ""0.2200"", ""yes_bid_dollars"": ""0.1600"", ""yes_ask_dollars"": ""0.2000"", ""volume_fp"": ""90.50"", ""open_interest_fp"": ""90.50"", ""dollar_volume"": 45, ""dollar_open_interest"": 45, ""yes_bid_size_fp"": ""2150.00"", ""yes_ask_size_fp"": ""2050.00"", ""last_trade_size_fp"": ""2.15"", ""ts"": 1781653605, ""ts_ms"": 1781653605050, ""time"": ""2026-06-16T23:46:45.050464Z""}}",KXMLBTEAMTOTAL-26JUN161905CWSNYY,mlb,NYY,CWS,,team_total,16,20,80,84,22,90,90,ws_ticker
1729678,KXMLBTEAMTOTAL-26JUN161905CWSNYY-CWS4,2026-06-16T23:46:46.814001+00:00,,,10,49,"{""type"": ""ticker"", ""sid"": 1, ""msg"": {""market_id"": ""1856da41-1293-4dee-b113-11f31adf4d84"", ""market_ticker"": ""KXMLBTEAMTOTAL-26JUN161905CWSNYY-CWS4"", ""price_dollars"": ""0.6200"", ""yes_bid_dollars"": ""0.4400"", ""yes_ask_dollars"": ""0.5400"", ""volume_fp"": ""6378.62"", ""open_interest_fp"": ""6339.98"", ""dollar_volume"": 3189, ""dollar_open_interest"": 3169, ""yes_bid_size_fp"": ""2000.00"", ""yes_ask_size_fp"": ""3450.00"", ""last_trade_size_fp"": ""31.48"", ""ts"": 1781653605, ""ts_ms"": 1781653605049, ""time"": ""2026-06-16T23:46:45.049007Z""}}",KXMLBTEAMTOTAL-26JUN161905CWSNYY,mlb,NYY,CWS,,team_total,44,54,46,56,62,6378,6339,ws_ticker
1729462,KXMLBTEAMTOTAL-26JUN161915SFATL-SF2,2026-06-16T23:46:44.551413+00:00,,,27,79,"{""type"": ""ticker"", ""sid"": 1, ""msg"": {""market_id"": ""04299b93-3177-4757-b69a-742b3f500713"", ""market_ticker"": ""KXMLBTEAMTOTAL-26JUN161915SFATL-SF2"", ""price_dollars"": ""0.8200"", ""yes_bid_dollars"": ""0.6600"", ""yes_ask_dollars"": ""0.9300"", ""volume_fp"": ""91.26"", ""open_interest_fp"": ""91.26"", ""dollar_volume"": 45, ""dollar_open_interest"": 45, ""yes_bid_size_fp"": ""450.00"", ""yes_ask_size_fp"": ""1.00"", ""last_trade_size_fp"": ""23.00"", ""ts"": 1781653604, ""ts_ms"": 1781653604611, ""time"": ""2026-06-16T23:46:44.611164Z""}}",KXMLBTEAMTOTAL-26JUN161915SFATL,mlb,ATL,SF,,team_total,66,93,7,34,82,91,91,ws_ticker
1729461,KXMLBTEAMTOTAL-26JUN161915SFATL-SF5,2026-06-16T23:46:44.550905+00:00,,,48,40,"{""type"": ""ticker"", ""sid"": 1, ""msg"": {""market_id"": ""c91102b5-7410-41c4-898e-e21717edff4a"", ""market_ticker"": ""KXMLBTEAMTOTAL-26JUN161915SFATL-SF5"", ""price_dollars"": ""0.5400"", ""yes_bid_dollars"": ""0.1600"", ""yes_ask_dollars"": ""0.6400"", ""volume_fp"": ""102.00"", ""open_interest_fp"": ""100.00"", ""dollar_volume"": 51, ""dollar_open_interest"": 50, ""yes_bid_size_fp"": ""80.00"", ""yes_ask_size_fp"": ""1.00"", ""last_trade_size_fp"": ""1.00"", ""ts"": 1781653604, ""ts_ms"": 1781653604576, ""time"": ""2026-06-16T23:46:44.576466Z""}}",KXMLBTEAMTOTAL-26JUN161915SFATL,mlb,ATL,SF,,team_total,16,64,36,84,54,102,100,ws_ticker
1729460,KXMLBTEAMTOTAL-26JUN161905CWSNYY-CWS4,2026-06-16T23:46:44.550349+00:00,,,11,49,"{""type"": ""ticker"", ""sid"": 1, ""msg"": {""market_id"": ""1856da41-1293-4dee-b113-11f31adf4d84"", ""market_ticker"": ""KXMLBTEAMTOTAL-26JUN161905CWSNYY-CWS4"", ""price_dollars"": ""0.6200"", ""yes_bid_dollars"": ""0.4400"", ""yes_ask_dollars"": ""0.5500"", ""volume_fp"": ""6378.62"", ""open_interest_fp"": ""6339.98"", ""dollar_volume"": 3189, ""dollar_open_interest"": 3169, ""yes_bid_size_fp"": ""2000.00"", ""yes_ask_size_fp"": ""3450.00"", ""last_trade_size_fp"": ""31.48"", ""ts"": 1781653604, ""ts_ms"": 1781653604558, ""time"": ""2026-06-16T23:46:44.55841Z""}}",KXMLBTEAMTOTAL-26JUN161905CWSNYY,mlb,NYY,CWS,,team_total,44,55,45,56,62,6378,6339,ws_ticker
1729459,KXMLBTEAMTOTAL-26JUN161845TORBOS-BOS4,2026-06-16T23:46:44.549766+00:00,,,82,52,"{""type"": ""ticker"", ""sid"": 1, ""msg"": {""market_id"": ""6333a5c9-6e9c-44f5-ab77-7ffdb173b2e9"", ""market_ticker"": ""KXMLBTEAMTOTAL-26JUN161845TORBOS-BOS4"", ""price_dollars"": ""0.9300"", ""yes_bid_dollars"": ""0.1100"", ""yes_ask_dollars"": ""0.9300"", ""volume_fp"": ""1960.50"", ""open_interest_fp"": ""1584.50"", ""dollar_volume"": 980, ""dollar_open_interest"": 792, ""yes_bid_size_fp"": ""7.00"", ""yes_ask_size_fp"": ""0.77"", ""last_trade_size_fp"": ""0.23"", ""ts"": 1781653604, ""ts_ms"": 1781653604539, ""time"": ""2026-06-16T23:46:44.539596Z""}}",KXMLBTEAMTOTAL-26JUN161845TORBOS,mlb,BOS,TOR,,team_total,11,93,7,89,93,1960,1584,ws_ticker
1729458,KXMLBTEAMTOTAL-26JUN161910NYMCIN-CIN5,2026-06-16T23:46:44.549201+00:00,,,46,68,"{""type"": ""ticker"", ""sid"": 1, ""msg"": {""market_id"": ""cd426834-fad1-4653-9644-cf66cc1e0ad8"", ""market_ticker"": ""KXMLBTEAMTOTAL-26JUN161910NYMCIN-CIN5"", ""price_dollars"": ""0.8600"", ""yes_bid_dollars"": ""0.4500"", ""yes_ask_dollars"": ""0.9100"", ""volume_fp"": ""6821.24"", ""open_interest_fp"": ""6815.24"", ""dollar_volume"": 3410, ""dollar_open_interest"": 3407, ""yes_bid_size_fp"": ""80.00"", ""yes_ask_size_fp"": ""1.00"", ""last_trade_size_fp"": ""1.00"", ""ts"": 1781653604, ""ts_ms"": 1781653604538, ""time"": ""2026-06-16T23:46:44.538415Z""}}",KXMLBTEAMTOTAL-26JUN161910NYMCIN,mlb,CIN,NYM,,team_total,45,91,9,55,86,6821,6815,ws_ticker
1729457,KXMLBTEAMTOTAL-26JUN161905CWSNYY-NYY5,2026-06-16T23:46:44.548674+00:00,,,8,44,"{""type"": ""ticker"", ""sid"": 1, ""msg"": {""market_id"": ""873637b3-65d3-4b50-a707-9e748133e58a"", ""market_ticker"": ""KXMLBTEAMTOTAL-26JUN161905CWSNYY-NYY5"", ""price_dollars"": ""0.4200"", ""yes_bid_dollars"": ""0.4000"", ""yes_ask_dollars"": ""0.4800"", ""volume_fp"": ""1418.14"", ""open_interest_fp"": ""1376.78"", ""dollar_volume"": 709, ""dollar_open_interest"": 688, ""yes_bid_size_fp"": ""2000.00"", ""yes_ask_size_fp"": ""2450.00"", ""last_trade_size_fp"": ""1.00"", ""ts"": 1781653604, ""ts_ms"": 1781653604512, ""time"": ""2026-06-16T23:46:44.512861Z""}}",KXMLBTEAMTOTAL-26JUN161905CWSNYY,mlb,NYY,CWS,,team_total,40,48,52,60,42,1418,1376,ws_ticker
1729456,KXMLBTEAMTOTAL-26JUN161915SFATL-SF4,2026-06-16T23:46:44.548107+00:00,,,50,61,"{""type"": ""ticker"", ""sid"": 1, ""msg"": {""market_id"": ""0236e39d-1e7b-4e4f-8a90-af7cbc573aed"", ""market_ticker"": ""KXMLBTEAMTOTAL-26JUN161915SFATL-SF4"", ""price_dollars"": ""0.7400"", ""yes_bid_dollars"": ""0.3600"", ""yes_ask_dollars"": ""0.8600"", ""volume_fp"": ""11243.90"", ""open_interest_fp"": ""11131.90"", ""dollar_volume"": 5621, ""dollar_open_interest"": 5565, ""yes_bid_size_fp"": ""1.00"", ""yes_ask_size_fp"": ""1.00"", ""last_trade_size_fp"": ""1.00"", ""ts"": 1781653604, ""ts_ms"": 1781653604492, ""time"": ""2026-06-16T23:46:44.492593Z""}}",KXMLBTEAMTOTAL-26JUN161915SFATL,mlb,ATL,SF,,team_total,36,86,14,64,74,11243,11131,ws_ticker
1729455,KXMLBTEAMTOTAL-26JUN161915SFATL-SF8,2026-06-16T23:46:44.547480+00:00,,,57,35,"{""type"": ""ticker"", ""sid"": 1, ""msg"": {""market_id"": ""54f3b081-212a-4a24-ad23-1bf492100a8e"", ""market_ticker"": ""KXMLBTEAMTOTAL-26JUN161915SFATL-SF8"", ""price_dollars"": ""0.2000"", ""yes_bid_dollars"": ""0.0700"", ""yes_ask_dollars"": ""0.6400"", ""volume_fp"": ""5341.70"", ""open_interest_fp"": ""5341.70"", ""dollar_volume"": 2670, ""dollar_open_interest"": 2670, ""yes_bid_size_fp"": ""3.00"", ""yes_ask_size_fp"": ""1.00"", ""last_trade_size_fp"": ""1.00"", ""ts"": 1781653604, ""ts_ms"": 1781653604452, ""time"": ""2026-06-16T23:46:44.452117Z""}}",KXMLBTEAMTOTAL-26JUN161915SFATL,mlb,ATL,SF,,team_total,7,64,36,93,20,5341,5341,ws_ticker
1729454,KXMLBTEAMTOTAL-26JUN161905CWSNYY-CWS6,2026-06-16T23:46:44.546957+00:00,,,12,22,"{""type"": ""ticker"", ""sid"": 1, ""msg"": {""market_id"": ""b5f9d764-880e-4983-806b-8a26b87a73ba"", ""market_ticker"": ""KXMLBTEAMTOTAL-26JUN161905CWSNYY-CWS6"", ""price_dollars"": ""0.2400"", ""yes_bid_dollars"": ""0.1600"", ""yes_ask_dollars"": ""0.2800"", ""volume_fp"": ""100.00"", ""open_interest_fp"": ""100.00"", ""dollar_volume"": 50, ""dollar_open_interest"": 50, ""yes_bid_size_fp"": ""2150.00"", ""yes_ask_size_fp"": ""3450.00"", ""last_trade_size_fp"": ""50.00"", ""ts"": 1781653604, ""ts_ms"": 1781653604423, ""time"": ""2026-06-16T23:46:44.423371Z""}}",KXMLBTEAMTOTAL-26JUN161905CWSNYY,mlb,NYY,CWS,,team_total,16,28,72,84,24,100,100,ws_ticker
1729453,KXMLBTEAMTOTAL-26JUN161845TORBOS-BOS2,2026-06-16T23:46:44.546383+00:00,,,40,66,"{""type"": ""ticker"", ""sid"": 1, ""msg"": {""market_id"": ""2fbae676-1c92-4c46-932f-acdb02fcb370"", ""market_ticker"": ""KXMLBTEAMTOTAL-26JUN161845TORBOS-BOS2"", ""price_dollars"": ""0.8000"", ""yes_bid_dollars"": ""0.4600"", ""yes_ask_dollars"": ""0.8600"", ""volume_fp"": ""380.46"", ""open_interest_fp"": ""380.46"", ""dollar_volume"": 190, ""dollar_open_interest"": 190, ""yes_bid_size_fp"": ""450.00"", ""yes_ask_size_fp"": ""1.00"", ""last_trade_size_fp"": ""3.61"", ""ts"": 1781653604, ""ts_ms"": 1781653604418, ""time"": ""2026-06-16T23:46:44.418997Z""}}",KXMLBTEAMTOTAL-26JUN161845TORBOS,mlb,BOS,TOR,,team_total,46,86,14,54,80,380,380,ws_ticker
1729452,KXMLBTEAMTOTAL-26JUN161905CWSNYY-NYY3,2026-06-16T23:46:44.545704+00:00,,,8,77,"{""type"": ""ticker"", ""sid"": 1, ""msg"": {""market_id"": ""ab859e1f-8e52-4335-aecf-97303fdbb9a1"", ""market_ticker"": ""KXMLBTEAMTOTAL-26JUN161905CWSNYY-NYY3"", ""price_dollars"": ""0.6700"", ""yes_bid_dollars"": ""0.7300"", ""yes_ask_dollars"": ""0.8100"", ""volume_fp"": ""447.80"", ""open_interest_fp"": ""447.80"", ""dollar_volume"": 223, ""dollar_open_interest"": 223, ""yes_bid_size_fp"": ""2150.00"", ""yes_ask_size_fp"": ""2450.00"", ""last_trade_size_fp"": ""50.00"", ""ts"": 1781653604, ""ts_ms"": 1781653604381, ""time"": ""2026-06-16T23:46:44.381236Z""}}",KXMLBTEAMTOTAL-26JUN161905CWSNYY,mlb,NYY,CWS,,team_total,73,81,19,27,67,447,447,ws_ticker
1729451,KXMLBTEAMTOTAL-26JUN161905CWSNYY-CWS5,2026-06-16T23:46:44.545150+00:00,,,12,34,"{""type"": ""ticker"", ""sid"": 1, ""msg"": {""market_id"": ""614d37e9-ae38-4e6a-9c39-944c66326ac1"", ""market_ticker"": ""KXMLBTEAMTOTAL-26JUN161905CWSNYY-CWS5"", ""price_dollars"": ""0.3100"", ""yes_bid_dollars"": ""0.2800"", ""yes_ask_dollars"": ""0.4000"", ""volume_fp"": ""728.72"", ""open_interest_fp"": ""726.72"", ""dollar_volume"": 364, ""dollar_open_interest"": 363, ""yes_bid_size_fp"": ""2000.00"", ""yes_ask_size_fp"": ""50.00"", ""last_trade_size_fp"": ""1.00"", ""ts"": 1781653604, ""ts_ms"": 1781653604292, ""time"": ""2026-06-16T23:46:44.292676Z""}}",KXMLBTEAMTOTAL-26JUN161905CWSNYY,mlb,NYY,CWS,,team_total,28,40,60,72,31,728,726,ws_ticker
1729450,KXMLBTEAMTOTAL-26JUN161840MIAPHI-MIA3,2026-06-16T23:46:44.544628+00:00,,,13,29,"{""type"": ""ticker"", ""sid"": 1, ""msg"": {""market_id"": ""2be9f0a1-f03a-49ea-bd34-0b83d65299b4"", ""market_ticker"": ""KXMLBTEAMTOTAL-26JUN161840MIAPHI-MIA3"", ""price_dollars"": ""0.3500"", ""yes_bid_dollars"": ""0.2300"", ""yes_ask_dollars"": ""0.3600"", ""volume_fp"": ""1544.30"", ""open_interest_fp"": ""1063.36"", ""dollar_volume"": 772, ""dollar_open_interest"": 531, ""yes_bid_size_fp"": ""1050.00"", ""yes_ask_size_fp"": ""50.00"", ""last_trade_size_fp"": ""37.05"", ""ts"": 1781653604, ""ts_ms"": 1781653604260, ""time"": ""2026-06-16T23:46:44.260876Z""}}",KXMLBTEAMTOTAL-26JUN161840MIAPHI,mlb,PHI,MIA,,team_total,23,36,64,77,35,1544,1063,ws_ticker
1729449,KXMLBTEAMTOTAL-26JUN161915SFATL-ATL6,2026-06-16T23:46:44.543976+00:00,,,24,52,"{""type"": ""ticker"", ""sid"": 1, ""msg"": {""market_id"": ""5c3fbd4a-a245-4072-b740-1ddb581b88f2"", ""market_ticker"": ""KXMLBTEAMTOTAL-26JUN161915SFATL-ATL6"", ""price_dollars"": ""0.5600"", ""yes_bid_dollars"": ""0.4000"", ""yes_ask_dollars"": ""0.6400"", ""volume_fp"": ""1854.22"", ""open_interest_fp"": ""1848.22"", ""dollar_volume"": 927, ""dollar_open_interest"": 924, ""yes_bid_size_fp"": ""50.00"", ""yes_ask_size_fp"": ""1.00"", ""last_trade_size_fp"": ""80.77"", ""ts"": 1781653604, ""ts_ms"": 1781653604226, ""time"": ""2026-06-16T23:46:44.226362Z""}}",KXMLBTEAMTOTAL-26JUN161915SFATL,mlb,ATL,SF,,team_total,40,64,36,60,56,1854,1848,ws_ticker
1729448,KXMLBTEAMTOTAL-26JUN161905CWSNYY-CWS3,2026-06-16T23:46:44.543425+00:00,,,11,65,"{""type"": ""ticker"", ""sid"": 1, ""msg"": {""market_id"": ""100f0e53-5c97-49b6-98e3-e7c3242ad689"", ""market_ticker"": ""KXMLBTEAMTOTAL-26JUN161905CWSNYY-CWS3"", ""price_dollars"": ""0.6300"", ""yes_bid_dollars"": ""0.6000"", ""yes_ask_dollars"": ""0.7100"", ""volume_fp"": ""1140.56"", ""open_interest_fp"": ""1138.56"", ""dollar_volume"": 570, ""dollar_open_interest"": 569, ""yes_bid_size_fp"": ""2150.00"", ""yes_ask_size_fp"": ""2450.00"", ""last_trade_size_fp"": ""1.00"", ""ts"": 1781653604, ""ts_ms"": 1781653604211, ""time"": ""2026-06-16T23:46:44.211353Z""}}",KXMLBTEAMTOTAL-26JUN161905CWSNYY,mlb,NYY,CWS,,team_total,60,71,29,40,63,1140,1138,ws_ticker
1729447,KXMLBTEAMTOTAL-26JUN161915SFATL-SF3,2026-06-16T23:46:44.542798+00:00,,,34,69,"{""type"": ""ticker"", ""sid"": 1, ""msg"": {""market_id"": ""9e11e7ae-5ab0-4e63-8cfb-b2a89561da5c"", ""market_ticker"": ""KXMLBTEAMTOTAL-26JUN161915SFATL-SF3"", ""price_dollars"": ""0.6800"", ""yes_bid_dollars"": ""0.5200"", ""yes_ask_dollars"": ""0.8600"", ""volume_fp"": ""80.00"", ""open_interest_fp"": ""80.00"", ""dollar_volume"": 40, ""dollar_open_interest"": 40, ""yes_bid_size_fp"": ""450.00"", ""yes_ask_size_fp"": ""1.00"", ""last_trade_size_fp"": ""30.00"", ""ts"": 1781653604, ""ts_ms"": 1781653604076, ""time"": ""2026-06-16T23:46:44.07607Z""}}",KXMLBTEAMTOTAL-26JUN161915SFATL,mlb,ATL,SF,,team_total,52,86,14,48,68,80,80,ws_ticker
1729446,KXMLBTEAMTOTAL-26JUN161905CWSNYY-NYY8,2026-06-16T23:46:44.541932+00:00,,,5,12,"{""type"": ""ticker"", ""sid"": 1, ""msg"": {""market_id"": ""e19c2b76-692e-4458-8fa7-6947105cf927"", ""market_ticker"": ""KXMLBTEAMTOTAL-26JUN161905CWSNYY-NYY8"", ""price_dollars"": ""0.1000"", ""yes_bid_dollars"": ""0.1000"", ""yes_ask_dollars"": ""0.1500"", ""volume_fp"": ""443.82"", ""open_interest_fp"": ""441.82"", ""dollar_volume"": 221, ""dollar_open_interest"": 220, ""yes_bid_size_fp"": ""2100.00"", ""yes_ask_size_fp"": ""550.00"", ""last_trade_size_fp"": ""1.00"", ""ts"": 1781653604, ""ts_ms"": 1781653604052, ""time"": ""2026-06-16T23:46:44.052569Z""}}",KXMLBTEAMTOTAL-26JUN161905CWSNYY,mlb,NYY,CWS,,team_total,10,15,85,90,10,443,441,ws_ticker
1729445,KXMLBTEAMTOTAL-26JUN162210TBLAD-TB7,2026-06-16T23:46:44.541271+00:00,,,1,17,"{""type"": ""ticker"", ""sid"": 1, ""msg"": {""market_id"": ""e3d141b8-18f8-4b1b-bbd2-fb7bc8b1b9cc"", ""market_ticker"": ""KXMLBTEAMTOTAL-26JUN162210TBLAD-TB7"", ""price_dollars"": ""0.1800"", ""yes_bid_dollars"": ""0.1700"", ""yes_ask_dollars"": ""0.1800"", ""volume_fp"": ""21.36"", ""open_interest_fp"": ""21.36"", ""dollar_volume"": 10, ""dollar_open_interest"": 10, ""yes_bid_size_fp"": ""18591.04"", ""yes_ask_size_fp"": ""2090.00"", ""last_trade_size_fp"": ""10.68"", ""ts"": 1781653604, ""ts_ms"": 1781653604030, ""time"": ""2026-06-16T23:46:44.030388Z""}}",KXMLBTEAMTOTAL-26JUN162210TBLAD,mlb,LAD,TB,,team_total,17,18,82,83,18,21,21,ws_ticker
1729444,KXMLBTEAMTOTAL-26JUN161905CWSNYY-NYY6,2026-06-16T23:46:44.540683+00:00,,,36,44,"{""type"": ""ticker"", ""sid"": 1, ""msg"": {""market_id"": ""9f1e3c71-9716-4070-8caa-7786953836b4"", ""market_ticker"": ""KXMLBTEAMTOTAL-26JUN161905CWSNYY-NYY6"", ""price_dollars"": ""0.2700"", ""yes_bid_dollars"": ""0.2600"", ""yes_ask_dollars"": ""0.6200"", ""volume_fp"": ""321.12"", ""open_interest_fp"": ""319.12"", ""dollar_volume"": 160, ""dollar_open_interest"": 159, ""yes_bid_size_fp"": ""2100.00"", ""yes_ask_size_fp"": ""3450.00"", ""last_trade_size_fp"": ""1.00"", ""ts"": 1781653603, ""ts_ms"": 1781653603996, ""time"": ""2026-06-16T23:46:43.996647Z""}}",KXMLBTEAMTOTAL-26JUN161905CWSNYY,mlb,NYY,CWS,,team_total,26,62,38,74,27,321,319,ws_ticker
1729443,KXMLBTEAMTOTAL-26JUN161905CWSNYY-NYY7,2026-06-16T23:46:44.540091+00:00,,,4,18,"{""type"": ""ticker"", ""sid"": 1, ""msg"": {""market_id"": ""b9fbcf07-c64b-48aa-82dd-0abbbecab468"", ""market_ticker"": ""KXMLBTEAMTOTAL-26JUN161905CWSNYY-NYY7"", ""price_dollars"": ""0.2200"", ""yes_bid_dollars"": ""0.1600"", ""yes_ask_dollars"": ""0.2000"", ""volume_fp"": ""90.50"", ""open_interest_fp"": ""90.50"", ""dollar_volume"": 45, ""dollar_open_interest"": 45, ""yes_bid_size_fp"": ""2150.00"", ""yes_ask_size_fp"": ""2050.00"", ""last_trade_size_fp"": ""2.15"", ""ts"": 1781653603, ""ts_ms"": 1781653603753, ""time"": ""2026-06-16T23:46:43.753979Z""}}",KXMLBTEAMTOTAL-26JUN161905CWSNYY,mlb,NYY,CWS,,team_total,16,20,80,84,22,90,90,ws_ticker
1729442,KXMLBTEAMTOTAL-26JUN161910NYMCIN-NYM5,2026-06-16T23:46:44.539501+00:00,,,9,40,"{""type"": ""ticker"", ""sid"": 1, ""msg"": {""market_id"": ""a709f2b5-1e42-45a4-810b-86da9db8fbbe"", ""market_ticker"": ""KXMLBTEAMTOTAL-26JUN161910NYMCIN-NYM5"", ""price_dollars"": ""0.3700"", ""yes_bid_dollars"": ""0.3600"", ""yes_ask_dollars"": ""0.4500"", ""volume_fp"": ""25201.78"", ""open_interest_fp"": ""25094.68"", ""dollar_volume"": 12600, ""dollar_open_interest"": 12547, ""yes_bid_size_fp"": ""1.00"", ""yes_ask_size_fp"": ""50.00"", ""last_trade_size_fp"": ""28.39"", ""ts"": 1781653603, ""ts_ms"": 1781653603696, ""time"": ""2026-06-16T23:46:43.696326Z""}}",KXMLBTEAMTOTAL-26JUN161910NYMCIN,mlb,CIN,NYM,,team_total,36,45,55,64,37,25201,25094,ws_ticker
1729441,KXMLBTEAMTOTAL-26JUN161915SFATL-ATL8,2026-06-16T23:46:44.538884+00:00,,,38,31,"{""type"": ""ticker"", ""sid"": 1, ""msg"": {""market_id"": ""94ec5712-7953-432d-9bb3-1df0277f8a3b"", ""market_ticker"": ""KXMLBTEAMTOTAL-26JUN161915SFATL-ATL8"", ""price_dollars"": ""0.2200"", ""yes_bid_dollars"": ""0.1200"", ""yes_ask_dollars"": ""0.5000"", ""volume_fp"": ""585.46"", ""open_interest_fp"": ""455.46"", ""dollar_volume"": 292, ""dollar_open_interest"": 227, ""yes_bid_size_fp"": ""2050.00"", ""yes_ask_size_fp"": ""2950.00"", ""last_trade_size_fp"": ""86.18"", ""ts"": 1781653603, ""ts_ms"": 1781653603599, ""time"": ""2026-06-16T23:46:43.599208Z""}}",KXMLBTEAMTOTAL-26JUN161915SFATL,mlb,ATL,SF,,team_total,12,50,50,88,22,585,455,ws_ticker
1729436,KXMLBTEAMTOTAL-26JUN161915SFATL-ATL6,2026-06-16T23:46:43.567337+00:00,,,19,54,"{""type"": ""ticker"", ""sid"": 1, ""msg"": {""market_id"": ""5c3fbd4a-a245-4072-b740-1ddb581b88f2"", ""market_ticker"": ""KXMLBTEAMTOTAL-26JUN161915SFATL-ATL6"", ""price_dollars"": ""0.5600"", ""yes_bid_dollars"": ""0.4500"", ""yes_ask_dollars"": ""0.6400"", ""volume_fp"": ""1854.22"", ""open_interest_fp"": ""1848.22"", ""dollar_volume"": 927, ""dollar_open_interest"": 924, ""yes_bid_size_fp"": ""5.00"", ""yes_ask_size_fp"": ""1.00"", ""last_trade_size_fp"": ""80.77"", ""ts"": 1781653603, ""ts_ms"": 1781653603601, ""time"": ""2026-06-16T23:46:43.601248Z""}}",KXMLBTEAMTOTAL-26JUN161915SFATL,mlb,ATL,SF,,team_total,45,64,36,55,56,1854,1848,ws_ticker
1729435,KXMLBTEAMTOTAL-26JUN161910NYMCIN-CIN5,2026-06-16T23:46:43.566905+00:00,,,53,64,"{""type"": ""ticker"", ""sid"": 1, ""msg"": {""market_id"": ""cd426834-fad1-4653-9644-cf66cc1e0ad8"", ""market_ticker"": ""KXMLBTEAMTOTAL-26JUN161910NYMCIN-CIN5"", ""price_dollars"": ""0.8600"", ""yes_bid_dollars"": ""0.3800"", ""yes_ask_dollars"": ""0.9100"", ""volume_fp"": ""6821.24"", ""open_interest_fp"": ""6815.24"", ""dollar_volume"": 3410, ""dollar_open_interest"": 3407, ""yes_bid_size_fp"": ""50.00"", ""yes_ask_size_fp"": ""1.00"", ""last_trade_size_fp"": ""1.00"", ""ts"": 1781653603, ""ts_ms"": 1781653603599, ""time"": ""2026-06-16T23:46:43.599214Z""}}",KXMLBTEAMTOTAL-26JUN161910NYMCIN,mlb,CIN,NYM,,team_total,38,91,9,62,86,6821,6815,ws_ticker
1729434,KXMLBTEAMTOTAL-26JUN161910NYMCIN-NYM5,2026-06-16T23:46:43.566413+00:00,,,10,41,"{""type"": ""ticker"", ""sid"": 1, ""msg"": {""market_id"": ""a709f2b5-1e42-45a4-810b-86da9db8fbbe"", ""market_ticker"": ""KXMLBTEAMTOTAL-26JUN161910NYMCIN-NYM5"", ""price_dollars"": ""0.3700"", ""yes_bid_dollars"": ""0.3600"", ""yes_ask_dollars"": ""0.4600"", ""volume_fp"": ""25201.78"", ""open_interest_fp"": ""25094.68"", ""dollar_volume"": 12600, ""dollar_open_interest"": 12547, ""yes_bid_size_fp"": ""1.00"", ""yes_ask_size_fp"": ""28.39"", ""last_trade_size_fp"": ""28.39"", ""ts"": 1781653603, ""ts_ms"": 1781653603581, ""time"": ""2026-06-16T23:46:43.58118Z""}}",KXMLBTEAMTOTAL-26JUN161910NYMCIN,mlb,CIN,NYM,,team_total,36,46,54,64,37,25201,25094,ws_ticker
1729433,KXMLBTEAMTOTAL-26JUN161915SFATL-ATL8,2026-06-16T23:46:43.565211+00:00,,,38,31,"{""type"": ""ticker"", ""sid"": 1, ""msg"": {""market_id"": ""94ec5712-7953-432d-9bb3-1df0277f8a3b"", ""market_ticker"": ""KXMLBTEAMTOTAL-26JUN161915SFATL-ATL8"", ""price_dollars"": ""0.2200"", ""yes_bid_dollars"": ""0.1200"", ""yes_ask_dollars"": ""0.5000"", ""volume_fp"": ""585.46"", ""open_interest_fp"": ""455.46"", ""dollar_volume"": 292, ""dollar_open_interest"": 227, ""yes_bid_size_fp"": ""2050.00"", ""yes_ask_size_fp"": ""1350.00"", ""last_trade_size_fp"": ""86.18"", ""ts"": 1781653603, ""ts_ms"": 1781653603577, ""time"": ""2026-06-16T23:46:43.577266Z""}}",KXMLBTEAMTOTAL-26JUN161915SFATL,mlb,ATL,SF,,team_total,12,50,50,88,22,585,455,ws_ticker
1729432,KXMLBTEAMTOTAL-26JUN161845TORBOS-BOS2,2026-06-16T23:46:43.548652+00:00,,,45,63,"{""type"": ""ticker"", ""sid"": 1, ""msg"": {""market_id"": ""2fbae676-1c92-4c46-932f-acdb02fcb370"", ""market_ticker"": ""KXMLBTEAMTOTAL-26JUN161845TORBOS-BOS2"", ""price_dollars"": ""0.8000"", ""yes_bid_dollars"": ""0.4100"", ""yes_ask_dollars"": ""0.8600"", ""volume_fp"": ""380.46"", ""open_interest_fp"": ""380.46"", ""dollar_volume"": 190, ""dollar_open_interest"": 190, ""yes_bid_size_fp"": ""80.00"", ""yes_ask_size_fp"": ""1.00"", ""last_trade_size_fp"": ""3.61"", ""ts"": 1781653603, ""ts_ms"": 1781653603541, ""time"": ""2026-06-16T23:46:43.541039Z""}}",KXMLBTEAMTOTAL-26JUN161845TORBOS,mlb,BOS,TOR,,team_total,41,86,14,59,80,380,380,ws_ticker
1729431,KXMLBTEAMTOTAL-26JUN161915SFATL-SF2,2026-06-16T23:46:43.548154+00:00,,,34,76,"{""type"": ""ticker"", ""sid"": 1, ""msg"": {""market_id"": ""04299b93-3177-4757-b69a-742b3f500713"", ""market_ticker"": ""KXMLBTEAMTOTAL-26JUN161915SFATL-SF2"", ""price_dollars"": ""0.8200"", ""yes_bid_dollars"": ""0.5900"", ""yes_ask_dollars"": ""0.9300"", ""volume_fp"": ""91.26"", ""open_interest_fp"": ""91.26"", ""dollar_volume"": 45, ""dollar_open_interest"": 45, ""yes_bid_size_fp"": ""80.00"", ""yes_ask_size_fp"": ""1.00"", ""last_trade_size_fp"": ""23.00"", ""ts"": 1781653603, ""ts_ms"": 1781653603516, ""time"": ""2026-06-16T23:46:43.516952Z""}}",KXMLBTEAMTOTAL-26JUN161915SFATL,mlb,ATL,SF,,team_total,59,93,7,41,82,91,91,ws_ticker
1729430,KXMLBTEAMTOTAL-26JUN161840MIAPHI-MIA3,2026-06-16T23:46:43.547644+00:00,,,15,31,"{""type"": ""ticker"", ""sid"": 1, ""msg"": {""market_id"": ""2be9f0a1-f03a-49ea-bd34-0b83d65299b4"", ""market_ticker"": ""KXMLBTEAMTOTAL-26JUN161840MIAPHI-MIA3"", ""price_dollars"": ""0.3500"", ""yes_bid_dollars"": ""0.2400"", ""yes_ask_dollars"": ""0.3900"", ""volume_fp"": ""1544.30"", ""open_interest_fp"": ""1063.36"", ""dollar_volume"": 772, ""dollar_open_interest"": 531, ""yes_bid_size_fp"": ""50.00"", ""yes_ask_size_fp"": ""29.00"", ""last_trade_size_fp"": ""37.05"", ""ts"": 1781653603, ""ts_ms"": 1781653603467, ""time"": ""2026-06-16T23:46:43.467926Z""}}",KXMLBTEAMTOTAL-26JUN161840MIAPHI,mlb,PHI,MIA,,team_total,24,39,61,76,35,1544,1063,ws_ticker
1729429,KXMLBTEAMTOTAL-26JUN161840MIAPHI-MIA7,2026-06-16T23:46:43.547049+00:00,,,13,13,"{""type"": ""ticker"", ""sid"": 1, ""msg"": {""market_id"": ""de4caa2d-dc1f-47a6-9fc2-2bb6fa11d109"", ""market_ticker"": ""KXMLBTEAMTOTAL-26JUN161840MIAPHI-MIA7"", ""price_dollars"": ""0.1700"", ""yes_bid_dollars"": ""0.0700"", ""yes_ask_dollars"": ""0.2000"", ""volume_fp"": ""3066.00"", ""open_interest_fp"": ""2768.00"", ""dollar_volume"": 1533, ""dollar_open_interest"": 1384, ""yes_bid_size_fp"": ""1.00"", ""yes_ask_size_fp"": ""2500.00"", ""last_trade_size_fp"": ""12.00"", ""ts"": 1781653603, ""ts_ms"": 1781653603449, ""time"": ""2026-06-16T23:46:43.449186Z""}}",KXMLBTEAMTOTAL-26JUN161840MIAPHI,mlb,PHI,MIA,,team_total,7,20,80,93,17,3066,2768,ws_ticker
1729428,KXMLBTEAMTOTAL-26JUN161915SFATL-SF5,2026-06-16T23:46:43.546634+00:00,,,54,37,"{""type"": ""ticker"", ""sid"": 1, ""msg"": {""market_id"": ""c91102b5-7410-41c4-898e-e21717edff4a"", ""market_ticker"": ""KXMLBTEAMTOTAL-26JUN161915SFATL-SF5"", ""price_dollars"": ""0.5400"", ""yes_bid_dollars"": ""0.1000"", ""yes_ask_dollars"": ""0.6400"", ""volume_fp"": ""102.00"", ""open_interest_fp"": ""100.00"", ""dollar_volume"": 51, ""dollar_open_interest"": 50, ""yes_bid_size_fp"": ""80.00"", ""yes_ask_size_fp"": ""1.00"", ""last_trade_size_fp"": ""1.00"", ""ts"": 1781653603, ""ts_ms"": 1781653603441, ""time"": ""2026-06-16T23:46:43.441643Z""}}",KXMLBTEAMTOTAL-26JUN161915SFATL,mlb,ATL,SF,,team_total,10,64,36,90,54,102,100,ws_ticker
1729427,KXMLBTEAMTOTAL-26JUN161840MIAPHI-MIA5,2026-06-16T23:46:43.546218+00:00,,,18,18,"{""type"": ""ticker"", ""sid"": 1, ""msg"": {""market_id"": ""afbef73f-07f9-4d73-8d56-a4397d72c047"", ""market_ticker"": ""KXMLBTEAMTOTAL-26JUN161840MIAPHI-MIA5"", ""price_dollars"": ""0.1000"", ""yes_bid_dollars"": ""0.0900"", ""yes_ask_dollars"": ""0.2700"", ""volume_fp"": ""3729.76"", ""open_interest_fp"": ""3633.76"", ""dollar_volume"": 1864, ""dollar_open_interest"": 1816, ""yes_bid_size_fp"": ""1.00"", ""yes_ask_size_fp"": ""2500.00"", ""last_trade_size_fp"": ""24.00"", ""ts"": 1781653603, ""ts_ms"": 1781653603437, ""time"": ""2026-06-16T23:46:43.43738Z""}}",KXMLBTEAMTOTAL-26JUN161840MIAPHI,mlb,PHI,MIA,,team_total,9,27,73,91,10,3729,3633,ws_ticker
1729426,KXMLBTEAMTOTAL-26JUN161840MIAPHI-MIA6,2026-06-16T23:46:43.545759+00:00,,,16,15,"{""type"": ""ticker"", ""sid"": 1, ""msg"": {""market_id"": ""bbb51b37-441f-4c76-9052-306b2b6209c3"", ""market_ticker"": ""KXMLBTEAMTOTAL-26JUN161840MIAPHI-MIA6"", ""price_dollars"": ""0.2400"", ""yes_bid_dollars"": ""0.0700"", ""yes_ask_dollars"": ""0.2300"", ""volume_fp"": ""6070.78"", ""open_interest_fp"": ""6070.78"", ""dollar_volume"": 3035, ""dollar_open_interest"": 3035, ""yes_bid_size_fp"": ""1.00"", ""yes_ask_size_fp"": ""1450.00"", ""last_trade_size_fp"": ""19.43"", ""ts"": 1781653603, ""ts_ms"": 1781653603436, ""time"": ""2026-06-16T23:46:43.436881Z""}}",KXMLBTEAMTOTAL-26JUN161840MIAPHI,mlb,PHI,MIA,,team_total,7,23,77,93,24,6070,6070,ws_ticker
1729425,KXMLBTEAMTOTAL-26JUN161840MIAPHI-MIA4,2026-06-16T23:46:43.545110+00:00,,,17,22,"{""type"": ""ticker"", ""sid"": 1, ""msg"": {""market_id"": ""08aa5d7d-bf5b-4fc6-a0a3-6f7629c81cec"", ""market_ticker"": ""KXMLBTEAMTOTAL-26JUN161840MIAPHI-MIA4"", ""price_dollars"": ""0.1100"", ""yes_bid_dollars"": ""0.1400"", ""yes_ask_dollars"": ""0.3100"", ""volume_fp"": ""18688.74"", ""open_interest_fp"": ""18394.22"", ""dollar_volume"": 9344, ""dollar_open_interest"": 9197, ""yes_bid_size_fp"": ""9.00"", ""yes_ask_size_fp"": ""2950.00"", ""last_trade_size_fp"": ""38.00"", ""ts"": 1781653603, ""ts_ms"": 1781653603436, ""time"": ""2026-06-16T23:46:43.436646Z""}}",KXMLBTEAMTOTAL-26JUN161840MIAPHI,mlb,PHI,MIA,,team_total,14,31,69,86,11,18688,18394,ws_ticker
1729424,KXMLBTEAMTOTAL-26JUN161845TORBOS-BOS4,2026-06-16T23:46:43.544544+00:00,,,81,52,"{""type"": ""ticker"", ""sid"": 1, ""msg"": {""market_id"": ""6333a5c9-6e9c-44f5-ab77-7ffdb173b2e9"", ""market_ticker"": ""KXMLBTEAMTOTAL-26JUN161845TORBOS-BOS4"", ""price_dollars"": ""0.9300"", ""yes_bid_dollars"": ""0.1200"", ""yes_ask_dollars"": ""0.9300"", ""volume_fp"": ""1960.50"", ""open_interest_fp"": ""1584.50"", ""dollar_volume"": 980, ""dollar_open_interest"": 792, ""yes_bid_size_fp"": ""80.00"", ""yes_ask_size_fp"": ""0.77"", ""last_trade_size_fp"": ""0.23"", ""ts"": 1781653603, ""ts_ms"": 1781653603432, ""time"": ""2026-06-16T23:46:43.432293Z""}}",KXMLBTEAMTOTAL-26JUN161845TORBOS,mlb,BOS,TOR,,team_total,12,93,7,88,93,1960,1584,ws_ticker
1729423,KXMLBTEAMTOTAL-26JUN161840MIAPHI-MIA2,2026-06-16T23:46:43.544121+00:00,,,18,49,"{""type"": ""ticker"", ""sid"": 1, ""msg"": {""market_id"": ""ab9d136f-2efe-4233-9f3e-97b47095070a"", ""market_ticker"": ""KXMLBTEAMTOTAL-26JUN161840MIAPHI-MIA2"", ""price_dollars"": ""0.5300"", ""yes_bid_dollars"": ""0.4000"", ""yes_ask_dollars"": ""0.5800"", ""volume_fp"": ""511.56"", ""open_interest_fp"": ""491.56"", ""dollar_volume"": 255, ""dollar_open_interest"": 245, ""yes_bid_size_fp"": ""1050.00"", ""yes_ask_size_fp"": ""1950.00"", ""last_trade_size_fp"": ""10.00"", ""ts"": 1781653603, ""ts_ms"": 1781653603418, ""time"": ""2026-06-16T23:46:43.418669Z""}}",KXMLBTEAMTOTAL-26JUN161840MIAPHI,mlb,PHI,MIA,,team_total,40,58,42,60,53,511,491,ws_ticker
1729422,KXMLBTEAMTOTAL-26JUN161840MIAPHI-PHI8,2026-06-16T23:46:43.543721+00:00,,,38,78,"{""type"": ""ticker"", ""sid"": 1, ""msg"": {""market_id"": ""9063171f-e6e2-4549-b1a7-8434b55c9d36"", ""market_ticker"": ""KXMLBTEAMTOTAL-26JUN161840MIAPHI-PHI8"", ""price_dollars"": ""0.7500"", ""yes_bid_dollars"": ""0.5900"", ""yes_ask_dollars"": ""0.9700"", ""volume_fp"": ""2383.36"", ""open_interest_fp"": ""2241.36"", ""dollar_volume"": 1191, ""dollar_open_interest"": 1120, ""yes_bid_size_fp"": ""80.00"", ""yes_ask_size_fp"": ""454.03"", ""last_trade_size_fp"": ""71.00"", ""ts"": 1781653603, ""ts_ms"": 1781653603417, ""time"": ""2026-06-16T23:46:43.417874Z""}}",KXMLBTEAMTOTAL-26JUN161840MIAPHI,mlb,PHI,MIA,,team_total,59,97,3,41,75,2383,2241,ws_ticker
1729421,KXMLBTEAMTOTAL-26JUN161845TORBOS-BOS8,2026-06-16T23:46:43.543274+00:00,,,58,35,"{""type"": ""ticker"", ""sid"": 1, ""msg"": {""market_id"": ""fa65d2cf-a857-421a-adbb-00ced826990f"", ""market_ticker"": ""KXMLBTEAMTOTAL-26JUN161845TORBOS-BOS8"", ""price_dollars"": ""0.0900"", ""yes_bid_dollars"": ""0.0600"", ""yes_ask_dollars"": ""0.6400"", ""volume_fp"": ""2006.00"", ""open_interest_fp"": ""2006.00"", ""dollar_volume"": 1003, ""dollar_open_interest"": 1003, ""yes_bid_size_fp"": ""2.00"", ""yes_ask_size_fp"": ""2.00"", ""last_trade_size_fp"": ""3.00"", ""ts"": 1781653603, ""ts_ms"": 1781653603278, ""time"": ""2026-06-16T23:46:43.278178Z""}}",KXMLBTEAMTOTAL-26JUN161845TORBOS,mlb,BOS,TOR,,team_total,6,64,36,94,9,2006,2006,ws_ticker
1729420,KXMLBTEAMTOTAL-26JUN161905CWSNYY-NYY5,2026-06-16T23:46:43.542827+00:00,,,8,44,"{""type"": ""ticker"", ""sid"": 1, ""msg"": {""market_id"": ""873637b3-65d3-4b50-a707-9e748133e58a"", ""market_ticker"": ""KXMLBTEAMTOTAL-26JUN161905CWSNYY-NYY5"", ""price_dollars"": ""0.4200"", ""yes_bid_dollars"": ""0.4000"", ""yes_ask_dollars"": ""0.4800"", ""volume_fp"": ""1418.14"", ""open_interest_fp"": ""1376.78"", ""dollar_volume"": 709, ""dollar_open_interest"": 688, ""yes_bid_size_fp"": ""2000.00"", ""yes_ask_size_fp"": ""2450.00"", ""last_trade_size_fp"": ""1.00"", ""ts"": 1781653603, ""ts_ms"": 1781653603188, ""time"": ""2026-06-16T23:46:43.188141Z""}}",KXMLBTEAMTOTAL-26JUN161905CWSNYY,mlb,NYY,CWS,,team_total,40,48,52,60,42,1418,1376,ws_ticker
1729419,KXMLBTEAMTOTAL-26JUN161845TORBOS-TOR2,2026-06-16T23:46:43.542338+00:00,,,11,80,"{""type"": ""ticker"", ""sid"": 1, ""msg"": {""market_id"": ""c758a8b1-91da-4ec0-b6ae-4ac5ce515369"", ""market_ticker"": ""KXMLBTEAMTOTAL-26JUN161845TORBOS-TOR2"", ""price_dollars"": ""0.8200"", ""yes_bid_dollars"": ""0.7500"", ""yes_ask_dollars"": ""0.8600"", ""volume_fp"": ""364.00"", ""open_interest_fp"": ""364.00"", ""dollar_volume"": 182, ""dollar_open_interest"": 182, ""yes_bid_size_fp"": ""2050.00"", ""yes_ask_size_fp"": ""1.00"", ""last_trade_size_fp"": ""23.00"", ""ts"": 1781653603, ""ts_ms"": 1781653603132, ""time"": ""2026-06-16T23:46:43.132763Z""}}",KXMLBTEAMTOTAL-26JUN161845TORBOS,mlb,BOS,TOR,,team_total,75,86,14,25,82,364,364,ws_ticker
1729418,KXMLBTEAMTOTAL-26JUN161905CWSNYY-NYY3,2026-06-16T23:46:43.541899+00:00,,,8,77,"{""type"": ""ticker"", ""sid"": 1, ""msg"": {""market_id"": ""ab859e1f-8e52-4335-aecf-97303fdbb9a1"", ""market_ticker"": ""KXMLBTEAMTOTAL-26JUN161905CWSNYY-NYY3"", ""price_dollars"": ""0.6700"", ""yes_bid_dollars"": ""0.7300"", ""yes_ask_dollars"": ""0.8100"", ""volume_fp"": ""447.80"", ""open_interest_fp"": ""447.80"", ""dollar_volume"": 223, ""dollar_open_interest"": 223, ""yes_bid_size_fp"": ""2150.00"", ""yes_ask_size_fp"": ""2450.00"", ""last_trade_size_fp"": ""50.00"", ""ts"": 1781653603, ""ts_ms"": 1781653603118, ""time"": ""2026-06-16T23:46:43.118823Z""}}",KXMLBTEAMTOTAL-26JUN161905CWSNYY,mlb,NYY,CWS,,team_total,73,81,19,27,67,447,447,ws_ticker
1729417,KXMLBTEAMTOTAL-26JUN161905CWSNYY-CWS6,2026-06-16T23:46:43.541370+00:00,,,13,22,"{""type"": ""ticker"", ""sid"": 1, ""msg"": {""market_id"": ""b5f9d764-880e-4983-806b-8a26b87a73ba"", ""market_ticker"": ""KXMLBTEAMTOTAL-26JUN161905CWSNYY-CWS6"", ""price_dollars"": ""0.2400"", ""yes_bid_dollars"": ""0.1600"", ""yes_ask_dollars"": ""0.2900"", ""volume_fp"": ""100.00"", ""open_interest_fp"": ""100.00"", ""dollar_volume"": 50, ""dollar_open_interest"": 50, ""yes_bid_size_fp"": ""2100.00"", ""yes_ask_size_fp"": ""3450.00"", ""last_trade_size_fp"": ""50.00"", ""ts"": 1781653603, ""ts_ms"": 1781653603061, ""time"": ""2026-06-16T23:46:43.061198Z""}}",KXMLBTEAMTOTAL-26JUN161905CWSNYY,mlb,NYY,CWS,,team_total,16,29,71,84,24,100,100,ws_ticker
1729416,KXMLBTEAMTOTAL-26JUN161905CWSNYY-CWS5,2026-06-16T23:46:43.540827+00:00,,,12,34,"{""type"": ""ticker"", ""sid"": 1, ""msg"": {""market_id"": ""614d37e9-ae38-4e6a-9c39-944c66326ac1"", ""market_ticker"": ""KXMLBTEAMTOTAL-26JUN161905CWSNYY-CWS5"", ""price_dollars"": ""0.3100"", ""yes_bid_dollars"": ""0.2800"", ""yes_ask_dollars"": ""0.4000"", ""volume_fp"": ""728.72"", ""open_interest_fp"": ""726.72"", ""dollar_volume"": 364, ""dollar_open_interest"": 363, ""yes_bid_size_fp"": ""2000.00"", ""yes_ask_size_fp"": ""50.00"", ""last_trade_size_fp"": ""1.00"", ""ts"": 1781653603, ""ts_ms"": 1781653603060, ""time"": ""2026-06-16T23:46:43.060907Z""}}",KXMLBTEAMTOTAL-26JUN161905CWSNYY,mlb,NYY,CWS,,team_total,28,40,60,72,31,728,726,ws_ticker
1729415,KXMLBTEAMTOTAL-26JUN161905CWSNYY-CWS4,2026-06-16T23:46:43.540292+00:00,,,11,49,"{""type"": ""ticker"", ""sid"": 1, ""msg"": {""market_id"": ""1856da41-1293-4dee-b113-11f31adf4d84"", ""market_ticker"": ""KXMLBTEAMTOTAL-26JUN161905CWSNYY-CWS4"", ""price_dollars"": ""0.6200"", ""yes_bid_dollars"": ""0.4400"", ""yes_ask_dollars"": ""0.5500"", ""volume_fp"": ""6378.62"", ""open_interest_fp"": ""6339.98"", ""dollar_volume"": 3189, ""dollar_open_interest"": 3169, ""yes_bid_size_fp"": ""2000.00"", ""yes_ask_size_fp"": ""1550.00"", ""last_trade_size_fp"": ""31.48"", ""ts"": 1781653602, ""ts_ms"": 1781653602947, ""time"": ""2026-06-16T23:46:42.947355Z""}}",KXMLBTEAMTOTAL-26JUN161905CWSNYY,mlb,NYY,CWS,,team_total,44,55,45,56,62,6378,6339,ws_ticker
1729414,KXMLBTEAMTOTAL-26JUN161905CWSNYY-CWS3,2026-06-16T23:46:43.539852+00:00,,,11,65,"{""type"": ""ticker"", ""sid"": 1, ""msg"": {""market_id"": ""100f0e53-5c97-49b6-98e3-e7c3242ad689"", ""market_ticker"": ""KXMLBTEAMTOTAL-26JUN161905CWSNYY-CWS3"", ""price_dollars"": ""0.6300"", ""yes_bid_dollars"": ""0.6000"", ""yes_ask_dollars"": ""0.7100"", ""volume_fp"": ""1140.56"", ""open_interest_fp"": ""1138.56"", ""dollar_volume"": 570, ""dollar_open_interest"": 569, ""yes_bid_size_fp"": ""2150.00"", ""yes_ask_size_fp"": ""2450.00"", ""last_trade_size_fp"": ""1.00"", ""ts"": 1781653602, ""ts_ms"": 1781653602942, ""time"": ""2026-06-16T23:46:42.94215Z""}}",KXMLBTEAMTOTAL-26JUN161905CWSNYY,mlb,NYY,CWS,,team_total,60,71,29,40,63,1140,1138,ws_ticker
1729413,KXMLBTEAMTOTAL-26JUN161905CWSNYY-NYY6,2026-06-16T23:46:43.539399+00:00,,,36,44,"{""type"": ""ticker"", ""sid"": 1, ""msg"": {""market_id"": ""9f1e3c71-9716-4070-8caa-7786953836b4"", ""market_ticker"": ""KXMLBTEAMTOTAL-26JUN161905CWSNYY-NYY6"", ""price_dollars"": ""0.2700"", ""yes_bid_dollars"": ""0.2600"", ""yes_ask_dollars"": ""0.6200"", ""volume_fp"": ""321.12"", ""open_interest_fp"": ""319.12"", ""dollar_volume"": 160, ""dollar_open_interest"": 159, ""yes_bid_size_fp"": ""100.00"", ""yes_ask_size_fp"": ""3450.00"", ""last_trade_size_fp"": ""1.00"", ""ts"": 1781653602, ""ts_ms"": 1781653602771, ""time"": ""2026-06-16T23:46:42.771424Z""}}",KXMLBTEAMTOTAL-26JUN161905CWSNYY,mlb,NYY,CWS,,team_total,26,62,38,74,27,321,319,ws_ticker
1729412,KXMLBTEAMTOTAL-26JUN161905CWSNYY-NYY8,2026-06-16T23:46:43.538991+00:00,,,6,13,"{""type"": ""ticker"", ""sid"": 1, ""msg"": {""market_id"": ""e19c2b76-692e-4458-8fa7-6947105cf927"", ""market_ticker"": ""KXMLBTEAMTOTAL-26JUN161905CWSNYY-NYY8"", ""price_dollars"": ""0.1000"", ""yes_bid_dollars"": ""0.1000"", ""yes_ask_dollars"": ""0.1600"", ""volume_fp"": ""443.82"", ""open_interest_fp"": ""441.82"", ""dollar_volume"": 221, ""dollar_open_interest"": 220, ""yes_bid_size_fp"": ""2100.00"", ""yes_ask_size_fp"": ""550.00"", ""last_trade_size_fp"": ""1.00"", ""ts"": 1781653602, ""ts_ms"": 1781653602770, ""time"": ""2026-06-16T23:46:42.770287Z""}}",KXMLBTEAMTOTAL-26JUN161905CWSNYY,mlb,NYY,CWS,,team_total,10,16,84,90,10,443,441,ws_ticker
1729411,KXMLBTEAMTOTAL-26JUN161845TORBOS-TOR4,2026-06-16T23:46:43.538491+00:00,,,23,48,"{""type"": ""ticker"", ""sid"": 1, ""msg"": {""market_id"": ""195fab34-4d60-4739-b935-58ac2a525d2f"", ""market_ticker"": ""KXMLBTEAMTOTAL-26JUN161845TORBOS-TOR4"", ""price_dollars"": ""0.7800"", ""yes_bid_dollars"": ""0.3700"", ""yes_ask_dollars"": ""0.6000"", ""volume_fp"": ""1869.08"", ""open_interest_fp"": ""1156.44"", ""dollar_volume"": 934, ""dollar_open_interest"": 578, ""yes_bid_size_fp"": ""4.26"", ""yes_ask_size_fp"": ""2500.00"", ""last_trade_size_fp"": ""4.26"", ""ts"": 1781653602, ""ts_ms"": 1781653602678, ""time"": ""2026-06-16T23:46:42.678475Z""}}",KXMLBTEAMTOTAL-26JUN161845TORBOS,mlb,BOS,TOR,,team_total,37,60,40,63,78,1869,1156,ws_ticker
1729410,KXMLBTEAMTOTAL-26JUN161905CWSNYY-NYY7,2026-06-16T23:46:43.537925+00:00,,,7,19,"{""type"": ""ticker"", ""sid"": 1, ""msg"": {""market_id"": ""b9fbcf07-c64b-48aa-82dd-0abbbecab468"", ""market_ticker"": ""KXMLBTEAMTOTAL-26JUN161905CWSNYY-NYY7"", ""price_dollars"": ""0.2200"", ""yes_bid_dollars"": ""0.1600"", ""yes_ask_dollars"": ""0.2300"", ""volume_fp"": ""90.50"", ""open_interest_fp"": ""90.50"", ""dollar_volume"": 45, ""dollar_open_interest"": 45, ""yes_bid_size_fp"": ""2150.00"", ""yes_ask_size_fp"": ""2450.00"", ""last_trade_size_fp"": ""2.15"", ""ts"": 1781653602, ""ts_ms"": 1781653602598, ""time"": ""2026-06-16T23:46:42.598998Z""}}",KXMLBTEAMTOTAL-26JUN161905CWSNYY,mlb,NYY,CWS,,team_total,16,23,77,84,22,90,90,ws_ticker
1729409,KXMLBTEAMTOTAL-26JUN161910NYMCIN-CIN5,2026-06-16T23:46:42.549708+00:00,,,33,74,"{""type"": ""ticker"", ""sid"": 1, ""msg"": {""market_id"": ""cd426834-fad1-4653-9644-cf66cc1e0ad8"", ""market_ticker"": ""KXMLBTEAMTOTAL-26JUN161910NYMCIN-CIN5"", ""price_dollars"": ""0.8600"", ""yes_bid_dollars"": ""0.5800"", ""yes_ask_dollars"": ""0.9100"", ""volume_fp"": ""6821.24"", ""open_interest_fp"": ""6815.24"", ""dollar_volume"": 3410, ""dollar_open_interest"": 3407, ""yes_bid_size_fp"": ""450.00"", ""yes_ask_size_fp"": ""1.00"", ""last_trade_size_fp"": ""1.00"", ""ts"": 1781653602, ""ts_ms"": 1781653602598, ""time"": ""2026-06-16T23:46:42.598719Z""}}",KXMLBTEAMTOTAL-26JUN161910NYMCIN,mlb,CIN,NYM,,team_total,58,91,9,42,86,6821,6815,ws_ticker
1729408,KXMLBTEAMTOTAL-26JUN161915SFATL-SF5,2026-06-16T23:46:42.549239+00:00,,,50,39,"{""type"": ""ticker"", ""sid"": 1, ""msg"": {""market_id"": ""c91102b5-7410-41c4-898e-e21717edff4a"", ""market_ticker"": ""KXMLBTEAMTOTAL-26JUN161915SFATL-SF5"", ""price_dollars"": ""0.5400"", ""yes_bid_dollars"": ""0.1400"", ""yes_ask_dollars"": ""0.6400"", ""volume_fp"": ""102.00"", ""open_interest_fp"": ""100.00"", ""dollar_volume"": 51, ""dollar_open_interest"": 50, ""yes_bid_size_fp"": ""80.00"", ""yes_ask_size_fp"": ""1.00"", ""last_trade_size_fp"": ""1.00"", ""ts"": 1781653602, ""ts_ms"": 1781653602587, ""time"": ""2026-06-16T23:46:42.587602Z""}}",KXMLBTEAMTOTAL-26JUN161915SFATL,mlb,ATL,SF,,team_total,14,64,36,86,54,102,100,ws_ticker
1729407,KXMLBTEAMTOTAL-26JUN161905CWSNYY-NYY7,2026-06-16T23:46:42.548795+00:00,,,7,19,"{""type"": ""ticker"", ""sid"": 1, ""msg"": {""market_id"": ""b9fbcf07-c64b-48aa-82dd-0abbbecab468"", ""market_ticker"": ""KXMLBTEAMTOTAL-26JUN161905CWSNYY-NYY7"", ""price_dollars"": ""0.2200"", ""yes_bid_dollars"": ""0.1600"", ""yes_ask_dollars"": ""0.2300"", ""volume_fp"": ""90.50"", ""open_interest_fp"": ""90.50"", ""dollar_volume"": 45, ""dollar_open_interest"": 45, ""yes_bid_size_fp"": ""2150.00"", ""yes_ask_size_fp"": ""550.00"", ""last_trade_size_fp"": ""2.15"", ""ts"": 1781653602, ""ts_ms"": 1781653602565, ""time"": ""2026-06-16T23:46:42.56576Z""}}",KXMLBTEAMTOTAL-26JUN161905CWSNYY,mlb,NYY,CWS,,team_total,16,23,77,84,22,90,90,ws_ticker
1729406,KXMLBTEAMTOTAL-26JUN161915SFATL-SF2,2026-06-16T23:46:42.548380+00:00,,,44,71,"{""type"": ""ticker"", ""sid"": 1, ""msg"": {""market_id"": ""04299b93-3177-4757-b69a-742b3f500713"", ""market_ticker"": ""KXMLBTEAMTOTAL-26JUN161915SFATL-SF2"", ""price_dollars"": ""0.8200"", ""yes_bid_dollars"": ""0.4900"", ""yes_ask_dollars"": ""0.9300"", ""volume_fp"": ""91.26"", ""open_interest_fp"": ""91.26"", ""dollar_volume"": 45, ""dollar_open_interest"": 45, ""yes_bid_size_fp"": ""80.00"", ""yes_ask_size_fp"": ""1.00"", ""last_trade_size_fp"": ""23.00"", ""ts"": 1781653602, ""ts_ms"": 1781653602564, ""time"": ""2026-06-16T23:46:42.564855Z""}}",KXMLBTEAMTOTAL-26JUN161915SFATL,mlb,ATL,SF,,team_total,49,93,7,51,82,91,91,ws_ticker
1729405,KXMLBTEAMTOTAL-26JUN161845TORBOS-BOS4,2026-06-16T23:46:42.547811+00:00,,,80,53,"{""type"": ""ticker"", ""sid"": 1, ""msg"": {""market_id"": ""6333a5c9-6e9c-44f5-ab77-7ffdb173b2e9"", ""market_ticker"": ""KXMLBTEAMTOTAL-26JUN161845TORBOS-BOS4"", ""price_dollars"": ""0.9300"", ""yes_bid_dollars"": ""0.1300"", ""yes_ask_dollars"": ""0.9300"", ""volume_fp"": ""1960.50"", ""open_interest_fp"": ""1584.50"", ""dollar_volume"": 980, ""dollar_open_interest"": 792, ""yes_bid_size_fp"": ""450.00"", ""yes_ask_size_fp"": ""0.77"", ""last_trade_size_fp"": ""0.23"", ""ts"": 1781653602, ""ts_ms"": 1781653602531, ""time"": ""2026-06-16T23:46:42.53105Z""}}",KXMLBTEAMTOTAL-26JUN161845TORBOS,mlb,BOS,TOR,,team_total,13,93,7,87,93,1960,1584,ws_ticker
1729404,KXMLBTEAMTOTAL-26JUN161845TORBOS-TOR2,2026-06-16T23:46:42.547357+00:00,,,35,68,"{""type"": ""ticker"", ""sid"": 1, ""msg"": {""market_id"": ""c758a8b1-91da-4ec0-b6ae-4ac5ce515369"", ""market_ticker"": ""KXMLBTEAMTOTAL-26JUN161845TORBOS-TOR2"", ""price_dollars"": ""0.8200"", ""yes_bid_dollars"": ""0.5100"", ""yes_ask_dollars"": ""0.8600"", ""volume_fp"": ""364.00"", ""open_interest_fp"": ""364.00"", ""dollar_volume"": 182, ""dollar_open_interest"": 182, ""yes_bid_size_fp"": ""80.00"", ""yes_ask_size_fp"": ""1.00"", ""last_trade_size_fp"": ""23.00"", ""ts"": 1781653602, ""ts_ms"": 1781653602526, ""time"": ""2026-06-16T23:46:42.526829Z""}}",KXMLBTEAMTOTAL-26JUN161845TORBOS,mlb,BOS,TOR,,team_total,51,86,14,49,82,364,364,ws_ticker
1729403,KXMLBTEAMTOTAL-26JUN161845TORBOS-TOR5,2026-06-16T23:46:42.546921+00:00,,,22,37,"{""type"": ""ticker"", ""sid"": 1, ""msg"": {""market_id"": ""8c003a7b-ed08-44e6-accb-b62d2e870739"", ""market_ticker"": ""KXMLBTEAMTOTAL-26JUN161845TORBOS-TOR5"", ""price_dollars"": ""0.4000"", ""yes_bid_dollars"": ""0.2600"", ""yes_ask_dollars"": ""0.4800"", ""volume_fp"": ""741.88"", ""open_interest_fp"": ""741.88"", ""dollar_volume"": 370, ""dollar_open_interest"": 370, ""yes_bid_size_fp"": ""600.00"", ""yes_ask_size_fp"": ""2500.00"", ""last_trade_size_fp"": ""95.96"", ""ts"": 1781653602, ""ts_ms"": 1781653602479, ""time"": ""2026-06-16T23:46:42.479229Z""}}",KXMLBTEAMTOTAL-26JUN161845TORBOS,mlb,BOS,TOR,,team_total,26,48,52,74,40,741,741,ws_ticker
1729402,KXMLBTEAMTOTAL-26JUN161840MIAPHI-MIA3,2026-06-16T23:46:42.546499+00:00,,,19,31,"{""type"": ""ticker"", ""sid"": 1, ""msg"": {""market_id"": ""2be9f0a1-f03a-49ea-bd34-0b83d65299b4"", ""market_ticker"": ""KXMLBTEAMTOTAL-26JUN161840MIAPHI-MIA3"", ""price_dollars"": ""0.3500"", ""yes_bid_dollars"": ""0.2200"", ""yes_ask_dollars"": ""0.4100"", ""volume_fp"": ""1544.30"", ""open_interest_fp"": ""1063.36"", ""dollar_volume"": 772, ""dollar_open_interest"": 531, ""yes_bid_size_fp"": ""1000.00"", ""yes_ask_size_fp"": ""29.00"", ""last_trade_size_fp"": ""37.05"", ""ts"": 1781653602, ""ts_ms"": 1781653602473, ""time"": ""2026-06-16T23:46:42.4737Z""}}",KXMLBTEAMTOTAL-26JUN161840MIAPHI,mlb,PHI,MIA,,team_total,22,41,59,78,35,1544,1063,ws_ticker
1729401,KXMLBTEAMTOTAL-26JUN161910NYMCIN-NYM5,2026-06-16T23:46:42.546046+00:00,,,7,39,"{""type"": ""ticker"", ""sid"": 1, ""msg"": {""market_id"": ""a709f2b5-1e42-45a4-810b-86da9db8fbbe"", ""market_ticker"": ""KXMLBTEAMTOTAL-26JUN161910NYMCIN-NYM5"", ""price_dollars"": ""0.3700"", ""yes_bid_dollars"": ""0.3600"", ""yes_ask_dollars"": ""0.4300"", ""volume_fp"": ""25201.78"", ""open_interest_fp"": ""25094.68"", ""dollar_volume"": 12600, ""dollar_open_interest"": 12547, ""yes_bid_size_fp"": ""1.00"", ""yes_ask_size_fp"": ""50.00"", ""last_trade_size_fp"": ""28.39"", ""ts"": 1781653602, ""ts_ms"": 1781653602445, ""time"": ""2026-06-16T23:46:42.445312Z""}}",KXMLBTEAMTOTAL-26JUN161910NYMCIN,mlb,CIN,NYM,,team_total,36,43,57,64,37,25201,25094,ws_ticker
1729400,KXMLBTEAMTOTAL-26JUN161915SFATL-ATL6,2026-06-16T23:46:42.545646+00:00,,,22,53,"{""type"": ""ticker"", ""sid"": 1, ""msg"": {""market_id"": ""5c3fbd4a-a245-4072-b740-1ddb581b88f2"", ""market_ticker"": ""KXMLBTEAMTOTAL-26JUN161915SFATL-ATL6"", ""price_dollars"": ""0.5600"", ""yes_bid_dollars"": ""0.4200"", ""yes_ask_dollars"": ""0.6400"", ""volume_fp"": ""1854.22"", ""open_interest_fp"": ""1848.22"", ""dollar_volume"": 927, ""dollar_open_interest"": 924, ""yes_bid_size_fp"": ""50.00"", ""yes_ask_size_fp"": ""1.00"", ""last_trade_size_fp"": ""80.77"", ""ts"": 1781653602, ""ts_ms"": 1781653602417, ""time"": ""2026-06-16T23:46:42.417466Z""}}",KXMLBTEAMTOTAL-26JUN161915SFATL,mlb,ATL,SF,,team_total,42,64,36,58,56,1854,1848,ws_ticker
1729399,KXMLBTEAMTOTAL-26JUN161840MIAPHI-MIA7,2026-06-16T23:46:42.545201+00:00,,,14,14,"{""type"": ""ticker"", ""sid"": 1, ""msg"": {""market_id"": ""de4caa2d-dc1f-47a6-9fc2-2bb6fa11d109"", ""market_ticker"": ""KXMLBTEAMTOTAL-26JUN161840MIAPHI-MIA7"", ""price_dollars"": ""0.1700"", ""yes_bid_dollars"": ""0.0700"", ""yes_ask_dollars"": ""0.2100"", ""volume_fp"": ""3066.00"", ""open_interest_fp"": ""2768.00"", ""dollar_volume"": 1533, ""dollar_open_interest"": 1384, ""yes_bid_size_fp"": ""1.00"", ""yes_ask_size_fp"": ""1000.00"", ""last_trade_size_fp"": ""12.00"", ""ts"": 1781653602, ""ts_ms"": 1781653602365, ""time"": ""2026-06-16T23:46:42.365956Z""}}",KXMLBTEAMTOTAL-26JUN161840MIAPHI,mlb,PHI,MIA,,team_total,7,21,79,93,17,3066,2768,ws_ticker
1729398,KXMLBTEAMTOTAL-26JUN161840MIAPHI-MIA6,2026-06-16T23:46:42.544726+00:00,,,17,15,"{""type"": ""ticker"", ""sid"": 1, ""msg"": {""market_id"": ""bbb51b37-441f-4c76-9052-306b2b6209c3"", ""market_ticker"": ""KXMLBTEAMTOTAL-26JUN161840MIAPHI-MIA6"", ""price_dollars"": ""0.2400"", ""yes_bid_dollars"": ""0.0700"", ""yes_ask_dollars"": ""0.2400"", ""volume_fp"": ""6070.78"", ""open_interest_fp"": ""6070.78"", ""dollar_volume"": 3035, ""dollar_open_interest"": 3035, ""yes_bid_size_fp"": ""1.00"", ""yes_ask_size_fp"": ""1000.00"", ""last_trade_size_fp"": ""19.43"", ""ts"": 1781653602, ""ts_ms"": 1781653602355, ""time"": ""2026-06-16T23:46:42.3559Z""}}",KXMLBTEAMTOTAL-26JUN161840MIAPHI,mlb,PHI,MIA,,team_total,7,24,76,93,24,6070,6070,ws_ticker
1729397,KXMLBTEAMTOTAL-26JUN161840MIAPHI-MIA5,2026-06-16T23:46:42.544142+00:00,,,19,18,"{""type"": ""ticker"", ""sid"": 1, ""msg"": {""market_id"": ""afbef73f-07f9-4d73-8d56-a4397d72c047"", ""market_ticker"": ""KXMLBTEAMTOTAL-26JUN161840MIAPHI-MIA5"", ""price_dollars"": ""0.1000"", ""yes_bid_dollars"": ""0.0900"", ""yes_ask_dollars"": ""0.2800"", ""volume_fp"": ""3729.76"", ""open_interest_fp"": ""3633.76"", ""dollar_volume"": 1864, ""dollar_open_interest"": 1816, ""yes_bid_size_fp"": ""1.00"", ""yes_ask_size_fp"": ""1000.00"", ""last_trade_size_fp"": ""24.00"", ""ts"": 1781653602, ""ts_ms"": 1781653602350, ""time"": ""2026-06-16T23:46:42.350163Z""}}",KXMLBTEAMTOTAL-26JUN161840MIAPHI,mlb,PHI,MIA,,team_total,9,28,72,91,10,3729,3633,ws_ticker
1729396,KXMLBTEAMTOTAL-26JUN161840MIAPHI-MIA4,2026-06-16T23:46:42.543580+00:00,,,18,23,"{""type"": ""ticker"", ""sid"": 1, ""msg"": {""market_id"": ""08aa5d7d-bf5b-4fc6-a0a3-6f7629c81cec"", ""market_ticker"": ""KXMLBTEAMTOTAL-26JUN161840MIAPHI-MIA4"", ""price_dollars"": ""0.1100"", ""yes_bid_dollars"": ""0.1400"", ""yes_ask_dollars"": ""0.3200"", ""volume_fp"": ""18688.74"", ""open_interest_fp"": ""18394.22"", ""dollar_volume"": 9344, ""dollar_open_interest"": 9197, ""yes_bid_size_fp"": ""9.00"", ""yes_ask_size_fp"": ""1000.00"", ""last_trade_size_fp"": ""38.00"", ""ts"": 1781653602, ""ts_ms"": 1781653602215, ""time"": ""2026-06-16T23:46:42.215039Z""}}",KXMLBTEAMTOTAL-26JUN161840MIAPHI,mlb,PHI,MIA,,team_total,14,32,68,86,11,18688,18394,ws_ticker
1729395,KXMLBTEAMTOTAL-26JUN161840MIAPHI-MIA2,2026-06-16T23:46:42.543123+00:00,,,20,49,"{""type"": ""ticker"", ""sid"": 1, ""msg"": {""market_id"": ""ab9d136f-2efe-4233-9f3e-97b47095070a"", ""market_ticker"": ""KXMLBTEAMTOTAL-26JUN161840MIAPHI-MIA2"", ""price_dollars"": ""0.5300"", ""yes_bid_dollars"": ""0.3900"", ""yes_ask_dollars"": ""0.5900"", ""volume_fp"": ""511.56"", ""open_interest_fp"": ""491.56"", ""dollar_volume"": 255, ""dollar_open_interest"": 245, ""yes_bid_size_fp"": ""1000.00"", ""yes_ask_size_fp"": ""1000.00"", ""last_trade_size_fp"": ""10.00"", ""ts"": 1781653602, ""ts_ms"": 1781653602138, ""time"": ""2026-06-16T23:46:42.138465Z""}}",KXMLBTEAMTOTAL-26JUN161840MIAPHI,mlb,PHI,MIA,,team_total,39,59,41,61,53,511,491,ws_ticker
1729394,KXMLBTEAMTOTAL-26JUN161915SFATL-SF4,2026-06-16T23:46:42.542644+00:00,,,50,61,"{""type"": ""ticker"", ""sid"": 1, ""msg"": {""market_id"": ""0236e39d-1e7b-4e4f-8a90-af7cbc573aed"", ""market_ticker"": ""KXMLBTEAMTOTAL-26JUN161915SFATL-SF4"", ""price_dollars"": ""0.7400"", ""yes_bid_dollars"": ""0.3600"", ""yes_ask_dollars"": ""0.8600"", ""volume_fp"": ""11243.90"", ""open_interest_fp"": ""11131.90"", ""dollar_volume"": 5621, ""dollar_open_interest"": 5565, ""yes_bid_size_fp"": ""1.00"", ""yes_ask_size_fp"": ""1.00"", ""last_trade_size_fp"": ""1.00"", ""ts"": 1781653602, ""ts_ms"": 1781653602081, ""time"": ""2026-06-16T23:46:42.08146Z""}}",KXMLBTEAMTOTAL-26JUN161915SFATL,mlb,ATL,SF,,team_total,36,86,14,64,74,11243,11131,ws_ticker
1729393,KXMLBTEAMTOTAL-26JUN161905CWSNYY-NYY6,2026-06-16T23:46:42.542220+00:00,,,8,30,"{""type"": ""ticker"", ""sid"": 1, ""msg"": {""market_id"": ""9f1e3c71-9716-4070-8caa-7786953836b4"", ""market_ticker"": ""KXMLBTEAMTOTAL-26JUN161905CWSNYY-NYY6"", ""price_dollars"": ""0.2700"", ""yes_bid_dollars"": ""0.2600"", ""yes_ask_dollars"": ""0.3400"", ""volume_fp"": ""321.12"", ""open_interest_fp"": ""319.12"", ""dollar_volume"": 160, ""dollar_open_interest"": 159, ""yes_bid_size_fp"": ""100.00"", ""yes_ask_size_fp"": ""2450.00"", ""last_trade_size_fp"": ""1.00"", ""ts"": 1781653601, ""ts_ms"": 1781653601995, ""time"": ""2026-06-16T23:46:41.995856Z""}}",KXMLBTEAMTOTAL-26JUN161905CWSNYY,mlb,NYY,CWS,,team_total,26,34,66,74,27,321,319,ws_ticker
1729392,KXMLBTEAMTOTAL-26JUN161905CWSNYY-CWS3,2026-06-16T23:46:42.541791+00:00,,,13,66,"{""type"": ""ticker"", ""sid"": 1, ""msg"": {""market_id"": ""100f0e53-5c97-49b6-98e3-e7c3242ad689"", ""market_ticker"": ""KXMLBTEAMTOTAL-26JUN161905CWSNYY-CWS3"", ""price_dollars"": ""0.6300"", ""yes_bid_dollars"": ""0.6000"", ""yes_ask_dollars"": ""0.7300"", ""volume_fp"": ""1140.56"", ""open_interest_fp"": ""1138.56"", ""dollar_volume"": 570, ""dollar_open_interest"": 569, ""yes_bid_size_fp"": ""2150.00"", ""yes_ask_size_fp"": ""3452.00"", ""last_trade_size_fp"": ""1.00"", ""ts"": 1781653601, ""ts_ms"": 1781653601932, ""time"": ""2026-06-16T23:46:41.932519Z""}}",KXMLBTEAMTOTAL-26JUN161905CWSNYY,mlb,NYY,CWS,,team_total,60,73,27,40,63,1140,1138,ws_ticker
1729391,KXMLBTEAMTOTAL-26JUN161905CWSNYY-NYY5,2026-06-16T23:46:42.541362+00:00,,,8,44,"{""type"": ""ticker"", ""sid"": 1, ""msg"": {""market_id"": ""873637b3-65d3-4b50-a707-9e748133e58a"", ""market_ticker"": ""KXMLBTEAMTOTAL-26JUN161905CWSNYY-NYY5"", ""price_dollars"": ""0.4200"", ""yes_bid_dollars"": ""0.4000"", ""yes_ask_dollars"": ""0.4800"", ""volume_fp"": ""1418.14"", ""open_interest_fp"": ""1376.78"", ""dollar_volume"": 709, ""dollar_open_interest"": 688, ""yes_bid_size_fp"": ""2000.00"", ""yes_ask_size_fp"": ""2450.00"", ""last_trade_size_fp"": ""1.00"", ""ts"": 1781653601, ""ts_ms"": 1781653601908, ""time"": ""2026-06-16T23:46:41.908344Z""}}",KXMLBTEAMTOTAL-26JUN161905CWSNYY,mlb,NYY,CWS,,team_total,40,48,52,60,42,1418,1376,ws_ticker
1729390,KXMLBTEAMTOTAL-26JUN161905CWSNYY-NYY8,2026-06-16T23:46:42.540965+00:00,,,8,14,"{""type"": ""ticker"", ""sid"": 1, ""msg"": {""market_id"": ""e19c2b76-692e-4458-8fa7-6947105cf927"", ""market_ticker"": ""KXMLBTEAMTOTAL-26JUN161905CWSNYY-NYY8"", ""price_dollars"": ""0.1000"", ""yes_bid_dollars"": ""0.1000"", ""yes_ask_dollars"": ""0.1800"", ""volume_fp"": ""443.82"", ""open_interest_fp"": ""441.82"", ""dollar_volume"": 221, ""dollar_open_interest"": 220, ""yes_bid_size_fp"": ""2100.00"", ""yes_ask_size_fp"": ""552.00"", ""last_trade_size_fp"": ""1.00"", ""ts"": 1781653601, ""ts_ms"": 1781653601888, ""time"": ""2026-06-16T23:46:41.888973Z""}}",KXMLBTEAMTOTAL-26JUN161905CWSNYY,mlb,NYY,CWS,,team_total,10,18,82,90,10,443,441,ws_ticker
1729389,KXMLBTEAMTOTAL-26JUN161905CWSNYY-CWS6,2026-06-16T23:46:42.540562+00:00,,,13,22,"{""type"": ""ticker"", ""sid"": 1, ""msg"": {""market_id"": ""b5f9d764-880e-4983-806b-8a26b87a73ba"", ""market_ticker"": ""KXMLBTEAMTOTAL-26JUN161905CWSNYY-CWS6"", ""price_dollars"": ""0.2400"", ""yes_bid_dollars"": ""0.1600"", ""yes_ask_dollars"": ""0.2900"", ""volume_fp"": ""100.00"", ""open_interest_fp"": ""100.00"", ""dollar_volume"": 50, ""dollar_open_interest"": 50, ""yes_bid_size_fp"": ""2100.00"", ""yes_ask_size_fp"": ""3450.00"", ""last_trade_size_fp"": ""50.00"", ""ts"": 1781653601, ""ts_ms"": 1781653601845, ""time"": ""2026-06-16T23:46:41.845588Z""}}",KXMLBTEAMTOTAL-26JUN161905CWSNYY,mlb,NYY,CWS,,team_total,16,29,71,84,24,100,100,ws_ticker
1729388,KXMLBTEAMTOTAL-26JUN161845TORBOS-TOR6,2026-06-16T23:46:42.540128+00:00,,,29,23,"{""type"": ""ticker"", ""sid"": 1, ""msg"": {""market_id"": ""0b6bc4db-5cb2-468c-8948-07e6d3986066"", ""market_ticker"": ""KXMLBTEAMTOTAL-26JUN161845TORBOS-TOR6"", ""price_dollars"": ""0.2800"", ""yes_bid_dollars"": ""0.0900"", ""yes_ask_dollars"": ""0.3800"", ""volume_fp"": ""384.00"", ""open_interest_fp"": ""384.00"", ""dollar_volume"": 192, ""dollar_open_interest"": 192, ""yes_bid_size_fp"": ""1.00"", ""yes_ask_size_fp"": ""2500.00"", ""last_trade_size_fp"": ""18.00"", ""ts"": 1781653601, ""ts_ms"": 1781653601810, ""time"": ""2026-06-16T23:46:41.810399Z""}}",KXMLBTEAMTOTAL-26JUN161845TORBOS,mlb,BOS,TOR,,team_total,9,38,62,91,28,384,384,ws_ticker
1729387,KXMLBTEAMTOTAL-26JUN161905CWSNYY-NYY3,2026-06-16T23:46:42.539589+00:00,,,9,77,"{""type"": ""ticker"", ""sid"": 1, ""msg"": {""market_id"": ""ab859e1f-8e52-4335-aecf-97303fdbb9a1"", ""market_ticker"": ""KXMLBTEAMTOTAL-26JUN161905CWSNYY-NYY3"", ""price_dollars"": ""0.6700"", ""yes_bid_dollars"": ""0.7300"", ""yes_ask_dollars"": ""0.8200"", ""volume_fp"": ""447.80"", ""open_interest_fp"": ""447.80"", ""dollar_volume"": 223, ""dollar_open_interest"": 223, ""yes_bid_size_fp"": ""2150.00"", ""yes_ask_size_fp"": ""2450.00"", ""last_trade_size_fp"": ""50.00"", ""ts"": 1781653601, ""ts_ms"": 1781653601794, ""time"": ""2026-06-16T23:46:41.794766Z""}}",KXMLBTEAMTOTAL-26JUN161905CWSNYY,mlb,NYY,CWS,,team_total,73,82,18,27,67,447,447,ws_ticker
1729386,KXMLBTEAMTOTAL-26JUN161845TORBOS-TOR8,2026-06-16T23:46:42.539017+00:00,,,15,14,"{""type"": ""ticker"", ""sid"": 1, ""msg"": {""market_id"": ""5cc088f1-1edb-40a6-9b06-bfaae086e9b8"", ""market_ticker"": ""KXMLBTEAMTOTAL-26JUN161845TORBOS-TOR8"", ""price_dollars"": ""0.1300"", ""yes_bid_dollars"": ""0.0700"", ""yes_ask_dollars"": ""0.2200"", ""volume_fp"": ""654.00"", ""open_interest_fp"": ""654.00"", ""dollar_volume"": 327, ""dollar_open_interest"": 327, ""yes_bid_size_fp"": ""1.00"", ""yes_ask_size_fp"": ""2550.00"", ""last_trade_size_fp"": ""3.00"", ""ts"": 1781653601, ""ts_ms"": 1781653601648, ""time"": ""2026-06-16T23:46:41.648546Z""}}",KXMLBTEAMTOTAL-26JUN161845TORBOS,mlb,BOS,TOR,,team_total,7,22,78,93,13,654,654,ws_ticker
1729385,KXMLBTEAMTOTAL-26JUN161905CWSNYY-CWS4,2026-06-16T23:46:42.538374+00:00,,,11,49,"{""type"": ""ticker"", ""sid"": 1, ""msg"": {""market_id"": ""1856da41-1293-4dee-b113-11f31adf4d84"", ""market_ticker"": ""KXMLBTEAMTOTAL-26JUN161905CWSNYY-CWS4"", ""price_dollars"": ""0.6200"", ""yes_bid_dollars"": ""0.4400"", ""yes_ask_dollars"": ""0.5500"", ""volume_fp"": ""6378.62"", ""open_interest_fp"": ""6339.98"", ""dollar_volume"": 3189, ""dollar_open_interest"": 3169, ""yes_bid_size_fp"": ""2000.00"", ""yes_ask_size_fp"": ""1550.00"", ""last_trade_size_fp"": ""31.48"", ""ts"": 1781653601, ""ts_ms"": 1781653601625, ""time"": ""2026-06-16T23:46:41.625813Z""}}",KXMLBTEAMTOTAL-26JUN161905CWSNYY,mlb,NYY,CWS,,team_total,44,55,45,56,62,6378,6339,ws_ticker
1729384,KXMLBTEAMTOTAL-26JUN161905CWSNYY-CWS3,2026-06-16T23:46:41.629648+00:00,,,12,66,"{""type"": ""ticker"", ""sid"": 1, ""msg"": {""market_id"": ""100f0e53-5c97-49b6-98e3-e7c3242ad689"", ""market_ticker"": ""KXMLBTEAMTOTAL-26JUN161905CWSNYY-CWS3"", ""price_dollars"": ""0.6300"", ""yes_bid_dollars"": ""0.6000"", ""yes_ask_dollars"": ""0.7200"", ""volume_fp"": ""1140.56"", ""open_interest_fp"": ""1138.56"", ""dollar_volume"": 570, ""dollar_open_interest"": 569, ""yes_bid_size_fp"": ""2150.00"", ""yes_ask_size_fp"": ""550.00"", ""last_trade_size_fp"": ""1.00"", ""ts"": 1781653601, ""ts_ms"": 1781653601599, ""time"": ""2026-06-16T23:46:41.59979Z""}}",KXMLBTEAMTOTAL-26JUN161905CWSNYY,mlb,NYY,CWS,,team_total,60,72,28,40,63,1140,1138,ws_ticker
1729383,KXMLBTEAMTOTAL-26JUN161915SFATL-ATL5,2026-06-16T23:46:41.629247+00:00,,,38,71,"{""type"": ""ticker"", ""sid"": 1, ""msg"": {""market_id"": ""434c76e4-eb62-4321-a470-ee41959cbd53"", ""market_ticker"": ""KXMLBTEAMTOTAL-26JUN161915SFATL-ATL5"", ""price_dollars"": ""0.8600"", ""yes_bid_dollars"": ""0.5200"", ""yes_ask_dollars"": ""0.9000"", ""volume_fp"": ""26321.84"", ""open_interest_fp"": ""26299.84"", ""dollar_volume"": 13160, ""dollar_open_interest"": 13149, ""yes_bid_size_fp"": ""2050.00"", ""yes_ask_size_fp"": ""3050.00"", ""last_trade_size_fp"": ""1.00"", ""ts"": 1781653601, ""ts_ms"": 1781653601599, ""time"": ""2026-06-16T23:46:41.599562Z""}}",KXMLBTEAMTOTAL-26JUN161915SFATL,mlb,ATL,SF,,team_total,52,90,10,48,86,26321,26299,ws_ticker
1729382,KXMLBTEAMTOTAL-26JUN161905CWSNYY-NYY8,2026-06-16T23:46:41.628798+00:00,,,8,14,"{""type"": ""ticker"", ""sid"": 1, ""msg"": {""market_id"": ""e19c2b76-692e-4458-8fa7-6947105cf927"", ""market_ticker"": ""KXMLBTEAMTOTAL-26JUN161905CWSNYY-NYY8"", ""price_dollars"": ""0.1000"", ""yes_bid_dollars"": ""0.1000"", ""yes_ask_dollars"": ""0.1800"", ""volume_fp"": ""443.82"", ""open_interest_fp"": ""441.82"", ""dollar_volume"": 221, ""dollar_open_interest"": 220, ""yes_bid_size_fp"": ""2100.00"", ""yes_ask_size_fp"": ""550.00"", ""last_trade_size_fp"": ""1.00"", ""ts"": 1781653601, ""ts_ms"": 1781653601576, ""time"": ""2026-06-16T23:46:41.576002Z""}}",KXMLBTEAMTOTAL-26JUN161905CWSNYY,mlb,NYY,CWS,,team_total,10,18,82,90,10,443,441,ws_ticker
1729381,KXMLBTEAMTOTAL-26JUN161905CWSNYY-CWS4,2026-06-16T23:46:41.628339+00:00,,,11,49,"{""type"": ""ticker"", ""sid"": 1, ""msg"": {""market_id"": ""1856da41-1293-4dee-b113-11f31adf4d84"", ""market_ticker"": ""KXMLBTEAMTOTAL-26JUN161905CWSNYY-CWS4"", ""price_dollars"": ""0.6200"", ""yes_bid_dollars"": ""0.4400"", ""yes_ask_dollars"": ""0.5500"", ""volume_fp"": ""6378.62"", ""open_interest_fp"": ""6339.98"", ""dollar_volume"": 3189, ""dollar_open_interest"": 3169, ""yes_bid_size_fp"": ""2000.00"", ""yes_ask_size_fp"": ""50.00"", ""last_trade_size_fp"": ""31.48"", ""ts"": 1781653601, ""ts_ms"": 1781653601573, ""time"": ""2026-06-16T23:46:41.573745Z""}}",KXMLBTEAMTOTAL-26JUN161905CWSNYY,mlb,NYY,CWS,,team_total,44,55,45,56,62,6378,6339,ws_ticker
1729380,KXMLBTEAMTOTAL-26JUN161845TORBOS-TOR8,2026-06-16T23:46:41.627933+00:00,,,16,15,"{""type"": ""ticker"", ""sid"": 1, ""msg"": {""market_id"": ""5cc088f1-1edb-40a6-9b06-bfaae086e9b8"", ""market_ticker"": ""KXMLBTEAMTOTAL-26JUN161845TORBOS-TOR8"", ""price_dollars"": ""0.1300"", ""yes_bid_dollars"": ""0.0700"", ""yes_ask_dollars"": ""0.2300"", ""volume_fp"": ""654.00"", ""open_interest_fp"": ""654.00"", ""dollar_volume"": 327, ""dollar_open_interest"": 327, ""yes_bid_size_fp"": ""1.00"", ""yes_ask_size_fp"": ""1000.00"", ""last_trade_size_fp"": ""3.00"", ""ts"": 1781653601, ""ts_ms"": 1781653601557, ""time"": ""2026-06-16T23:46:41.55762Z""}}",KXMLBTEAMTOTAL-26JUN161845TORBOS,mlb,BOS,TOR,,team_total,7,23,77,93,13,654,654,ws_ticker
1729379,KXMLBTEAMTOTAL-26JUN161915SFATL-SF2,2026-06-16T23:46:41.627479+00:00,,,54,66,"{""type"": ""ticker"", ""sid"": 1, ""msg"": {""market_id"": ""04299b93-3177-4757-b69a-742b3f500713"", ""market_ticker"": ""KXMLBTEAMTOTAL-26JUN161915SFATL-SF2"", ""price_dollars"": ""0.8200"", ""yes_bid_dollars"": ""0.3900"", ""yes_ask_dollars"": ""0.9300"", ""volume_fp"": ""91.26"", ""open_interest_fp"": ""91.26"", ""dollar_volume"": 45, ""dollar_open_interest"": 45, ""yes_bid_size_fp"": ""80.00"", ""yes_ask_size_fp"": ""1.00"", ""last_trade_size_fp"": ""23.00"", ""ts"": 1781653601, ""ts_ms"": 1781653601556, ""time"": ""2026-06-16T23:46:41.556226Z""}}",KXMLBTEAMTOTAL-26JUN161915SFATL,mlb,ATL,SF,,team_total,39,93,7,61,82,91,91,ws_ticker
1729378,KXMLBTEAMTOTAL-26JUN161845TORBOS-TOR2,2026-06-16T23:46:41.626952+00:00,,,46,63,"{""type"": ""ticker"", ""sid"": 1, ""msg"": {""market_id"": ""c758a8b1-91da-4ec0-b6ae-4ac5ce515369"", ""market_ticker"": ""KXMLBTEAMTOTAL-26JUN161845TORBOS-TOR2"", ""price_dollars"": ""0.8200"", ""yes_bid_dollars"": ""0.4000"", ""yes_ask_dollars"": ""0.8600"", ""volume_fp"": ""364.00"", ""open_interest_fp"": ""364.00"", ""dollar_volume"": 182, ""dollar_open_interest"": 182, ""yes_bid_size_fp"": ""450.00"", ""yes_ask_size_fp"": ""1.00"", ""last_trade_size_fp"": ""23.00"", ""ts"": 1781653601, ""ts_ms"": 1781653601530, ""time"": ""2026-06-16T23:46:41.530584Z""}}",KXMLBTEAMTOTAL-26JUN161845TORBOS,mlb,BOS,TOR,,team_total,40,86,14,60,82,364,364,ws_ticker
1729377,KXMLBTEAMTOTAL-26JUN161905CWSNYY-CWS5,2026-06-16T23:46:41.626434+00:00,,,12,34,"{""type"": ""ticker"", ""sid"": 1, ""msg"": {""market_id"": ""614d37e9-ae38-4e6a-9c39-944c66326ac1"", ""market_ticker"": ""KXMLBTEAMTOTAL-26JUN161905CWSNYY-CWS5"", ""price_dollars"": ""0.3100"", ""yes_bid_dollars"": ""0.2800"", ""yes_ask_dollars"": ""0.4000"", ""volume_fp"": ""728.72"", ""open_interest_fp"": ""726.72"", ""dollar_volume"": 364, ""dollar_open_interest"": 363, ""yes_bid_size_fp"": ""2000.00"", ""yes_ask_size_fp"": ""50.00"", ""last_trade_size_fp"": ""1.00"", ""ts"": 1781653601, ""ts_ms"": 1781653601529, ""time"": ""2026-06-16T23:46:41.529086Z""}}",KXMLBTEAMTOTAL-26JUN161905CWSNYY,mlb,NYY,CWS,,team_total,28,40,60,72,31,728,726,ws_ticker
1729376,KXMLBTEAMTOTAL-26JUN161910NYMCIN-CIN5,2026-06-16T23:46:41.625829+00:00,,,44,69,"{""type"": ""ticker"", ""sid"": 1, ""msg"": {""market_id"": ""cd426834-fad1-4653-9644-cf66cc1e0ad8"", ""market_ticker"": ""KXMLBTEAMTOTAL-26JUN161910NYMCIN-CIN5"", ""price_dollars"": ""0.8600"", ""yes_bid_dollars"": ""0.4700"", ""yes_ask_dollars"": ""0.9100"", ""volume_fp"": ""6821.24"", ""open_interest_fp"": ""6815.24"", ""dollar_volume"": 3410, ""dollar_open_interest"": 3407, ""yes_bid_size_fp"": ""80.00"", ""yes_ask_size_fp"": ""1.00"", ""last_trade_size_fp"": ""1.00"", ""ts"": 1781653601, ""ts_ms"": 1781653601522, ""time"": ""2026-06-16T23:46:41.522167Z""}}",KXMLBTEAMTOTAL-26JUN161910NYMCIN,mlb,CIN,NYM,,team_total,47,91,9,53,86,6821,6815,ws_ticker
1729375,KXMLBTEAMTOTAL-26JUN161905CWSNYY-NYY6,2026-06-16T23:46:41.625423+00:00,,,8,30,"{""type"": ""ticker"", ""sid"": 1, ""msg"": {""market_id"": ""9f1e3c71-9716-4070-8caa-7786953836b4"", ""market_ticker"": ""KXMLBTEAMTOTAL-26JUN161905CWSNYY-NYY6"", ""price_dollars"": ""0.2700"", ""yes_bid_dollars"": ""0.2600"", ""yes_ask_dollars"": ""0.3400"", ""volume_fp"": ""321.12"", ""open_interest_fp"": ""319.12"", ""dollar_volume"": 160, ""dollar_open_interest"": 159, ""yes_bid_size_fp"": ""100.00"", ""yes_ask_size_fp"": ""2452.00"", ""last_trade_size_fp"": ""1.00"", ""ts"": 1781653601, ""ts_ms"": 1781653601489, ""time"": ""2026-06-16T23:46:41.489393Z""}}",KXMLBTEAMTOTAL-26JUN161905CWSNYY,mlb,NYY,CWS,,team_total,26,34,66,74,27,321,319,ws_ticker
1729374,KXMLBTEAMTOTAL-26JUN161840MIAPHI-MIA5,2026-06-16T23:46:41.625006+00:00,,,18,18,"{""type"": ""ticker"", ""sid"": 1, ""msg"": {""market_id"": ""afbef73f-07f9-4d73-8d56-a4397d72c047"", ""market_ticker"": ""KXMLBTEAMTOTAL-26JUN161840MIAPHI-MIA5"", ""price_dollars"": ""0.1000"", ""yes_bid_dollars"": ""0.0900"", ""yes_ask_dollars"": ""0.2700"", ""volume_fp"": ""3729.76"", ""open_interest_fp"": ""3633.76"", ""dollar_volume"": 1864, ""dollar_open_interest"": 1816, ""yes_bid_size_fp"": ""1.00"", ""yes_ask_size_fp"": ""2500.00"", ""last_trade_size_fp"": ""24.00"", ""ts"": 1781653601, ""ts_ms"": 1781653601450, ""time"": ""2026-06-16T23:46:41.450287Z""}}",KXMLBTEAMTOTAL-26JUN161840MIAPHI,mlb,PHI,MIA,,team_total,9,27,73,91,10,3729,3633,ws_ticker
1729373,KXMLBTEAMTOTAL-26JUN161840MIAPHI-MIA3,2026-06-16T23:46:41.624506+00:00,,,18,32,"{""type"": ""ticker"", ""sid"": 1, ""msg"": {""market_id"": ""2be9f0a1-f03a-49ea-bd34-0b83d65299b4"", ""market_ticker"": ""KXMLBTEAMTOTAL-26JUN161840MIAPHI-MIA3"", ""price_dollars"": ""0.3500"", ""yes_bid_dollars"": ""0.2300"", ""yes_ask_dollars"": ""0.4100"", ""volume_fp"": ""1544.30"", ""open_interest_fp"": ""1063.36"", ""dollar_volume"": 772, ""dollar_open_interest"": 531, ""yes_bid_size_fp"": ""1050.00"", ""yes_ask_size_fp"": ""2950.00"", ""last_trade_size_fp"": ""37.05"", ""ts"": 1781653601, ""ts_ms"": 1781653601449, ""time"": ""2026-06-16T23:46:41.449865Z""}}",KXMLBTEAMTOTAL-26JUN161840MIAPHI,mlb,PHI,MIA,,team_total,23,41,59,77,35,1544,1063,ws_ticker
1729372,KXMLBTEAMTOTAL-26JUN161905CWSNYY-NYY7,2026-06-16T23:46:41.624067+00:00,,,7,19,"{""type"": ""ticker"", ""sid"": 1, ""msg"": {""market_id"": ""b9fbcf07-c64b-48aa-82dd-0abbbecab468"", ""market_ticker"": ""KXMLBTEAMTOTAL-26JUN161905CWSNYY-NYY7"", ""price_dollars"": ""0.2200"", ""yes_bid_dollars"": ""0.1600"", ""yes_ask_dollars"": ""0.2300"", ""volume_fp"": ""90.50"", ""open_interest_fp"": ""90.50"", ""dollar_volume"": 45, ""dollar_open_interest"": 45, ""yes_bid_size_fp"": ""2150.00"", ""yes_ask_size_fp"": ""2450.00"", ""last_trade_size_fp"": ""2.15"", ""ts"": 1781653601, ""ts_ms"": 1781653601428, ""time"": ""2026-06-16T23:46:41.428022Z""}}",KXMLBTEAMTOTAL-26JUN161905CWSNYY,mlb,NYY,CWS,,team_total,16,23,77,84,22,90,90,ws_ticker
1729371,KXMLBTEAMTOTAL-26JUN161840MIAPHI-MIA6,2026-06-16T23:46:41.623667+00:00,,,16,15,"{""type"": ""ticker"", ""sid"": 1, ""msg"": {""market_id"": ""bbb51b37-441f-4c76-9052-306b2b6209c3"", ""market_ticker"": ""KXMLBTEAMTOTAL-26JUN161840MIAPHI-MIA6"", ""price_dollars"": ""0.2400"", ""yes_bid_dollars"": ""0.0700"", ""yes_ask_dollars"": ""0.2300"", ""volume_fp"": ""6070.78"", ""open_interest_fp"": ""6070.78"", ""dollar_volume"": 3035, ""dollar_open_interest"": 3035, ""yes_bid_size_fp"": ""1.00"", ""yes_ask_size_fp"": ""1450.00"", ""last_trade_size_fp"": ""19.43"", ""ts"": 1781653601, ""ts_ms"": 1781653601426, ""time"": ""2026-06-16T23:46:41.426932Z""}}",KXMLBTEAMTOTAL-26JUN161840MIAPHI,mlb,PHI,MIA,,team_total,7,23,77,93,24,6070,6070,ws_ticker
1729370,KXMLBTEAMTOTAL-26JUN161945SDSTL-STL6,2026-06-16T23:46:41.623250+00:00,,,10,30,"{""type"": ""ticker"", ""sid"": 1, ""msg"": {""market_id"": ""c30a1144-950b-4407-a51e-0957e0499d59"", ""market_ticker"": ""KXMLBTEAMTOTAL-26JUN161945SDSTL-STL6"", ""price_dollars"": ""0.3100"", ""yes_bid_dollars"": ""0.2500"", ""yes_ask_dollars"": ""0.3500"", ""volume_fp"": ""839.78"", ""open_interest_fp"": ""795.78"", ""dollar_volume"": 419, ""dollar_open_interest"": 397, ""yes_bid_size_fp"": ""25.00"", ""yes_ask_size_fp"": ""25.00"", ""last_trade_size_fp"": ""7.00"", ""ts"": 1781653601, ""ts_ms"": 1781653601409, ""time"": ""2026-06-16T23:46:41.409049Z""}}",KXMLBTEAMTOTAL-26JUN161945SDSTL,mlb,STL,SD,,team_total,25,35,65,75,31,839,795,ws_ticker
1729369,KXMLBTEAMTOTAL-26JUN161905CWSNYY-CWS7,2026-06-16T23:46:41.622721+00:00,,,10,15,"{""type"": ""ticker"", ""sid"": 1, ""msg"": {""market_id"": ""59f9f7d3-95a3-4f33-ba0b-09954b4ffd4c"", ""market_ticker"": ""KXMLBTEAMTOTAL-26JUN161905CWSNYY-CWS7"", ""price_dollars"": ""0.1600"", ""yes_bid_dollars"": ""0.1000"", ""yes_ask_dollars"": ""0.2000"", ""volume_fp"": ""1003.36"", ""open_interest_fp"": ""1003.36"", ""dollar_volume"": 501, ""dollar_open_interest"": 501, ""yes_bid_size_fp"": ""2000.00"", ""yes_ask_size_fp"": ""2000.00"", ""last_trade_size_fp"": ""12.00"", ""ts"": 1781653601, ""ts_ms"": 1781653601405, ""time"": ""2026-06-16T23:46:41.40571Z""}}",KXMLBTEAMTOTAL-26JUN161905CWSNYY,mlb,NYY,CWS,,team_total,10,20,80,90,16,1003,1003,ws_ticker
1729368,KXMLBTEAMTOTAL-26JUN161905CWSNYY-NYY3,2026-06-16T23:46:41.622244+00:00,,,11,78,"{""type"": ""ticker"", ""sid"": 1, ""msg"": {""market_id"": ""ab859e1f-8e52-4335-aecf-97303fdbb9a1"", ""market_ticker"": ""KXMLBTEAMTOTAL-26JUN161905CWSNYY-NYY3"", ""price_dollars"": ""0.6700"", ""yes_bid_dollars"": ""0.7300"", ""yes_ask_dollars"": ""0.8400"", ""volume_fp"": ""447.80"", ""open_interest_fp"": ""447.80"", ""dollar_volume"": 223, ""dollar_open_interest"": 223, ""yes_bid_size_fp"": ""2150.00"", ""yes_ask_size_fp"": ""3452.00"", ""last_trade_size_fp"": ""50.00"", ""ts"": 1781653601, ""ts_ms"": 1781653601226, ""time"": ""2026-06-16T23:46:41.226694Z""}}",KXMLBTEAMTOTAL-26JUN161905CWSNYY,mlb,NYY,CWS,,team_total,73,84,16,27,67,447,447,ws_ticker
1729367,KXMLBTEAMTOTAL-26JUN161845TORBOS-TOR5,2026-06-16T23:46:41.621644+00:00,,,54,36,"{""type"": ""ticker"", ""sid"": 1, ""msg"": {""market_id"": ""8c003a7b-ed08-44e6-accb-b62d2e870739"", ""market_ticker"": ""KXMLBTEAMTOTAL-26JUN161845TORBOS-TOR5"", ""price_dollars"": ""0.4000"", ""yes_bid_dollars"": ""0.0900"", ""yes_ask_dollars"": ""0.6300"", ""volume_fp"": ""741.88"", ""open_interest_fp"": ""741.88"", ""dollar_volume"": 370, ""dollar_open_interest"": 370, ""yes_bid_size_fp"": ""81.00"", ""yes_ask_size_fp"": ""80.00"", ""last_trade_size_fp"": ""95.96"", ""ts"": 1781653601, ""ts_ms"": 1781653601200, ""time"": ""2026-06-16T23:46:41.200301Z""}}",KXMLBTEAMTOTAL-26JUN161845TORBOS,mlb,BOS,TOR,,team_total,9,63,37,91,40,741,741,ws_ticker
